=LDR  01298 am a2200397 a 4500
=001  012949831
=003  Uk
=005  20041103141703.0
=008  040702s2004\\\\enk\\\\\\\\\\\000\0\eng\c
=FMT  \\$a  BK
=015  \\$aGBA450153$2bnb
=016  7\$a012949831$2Uk
=035  \\$a(UkOxU)UkOxUb15707582
=040  \\$aUkOxU
=042  \\$aukscp
=082  04$a368.0920941$222
=245  00$aMotor insurance, finance intelligence, May 2004.
=260  \\$aLondon :$bMintel International Group,$c2004.
=300  \\$av, 85 p. :$bill. ;$c30 cm.
=336  \\$atext$2rdacontent
=337  \\$aunmediated$2rdamedia
=338  \\$avolume$2rdacarrier
=650  \0$aInsurance, Automobile$zGreat Britain$xStatistics.
=650  \0$aInsurance, Automobile$zGreat Britain$vStatistics.
=650  \0$aMarket surveys$zGreat Britain.
=710  2\$aMintel International Group Ltd.
=852  11$aBritish Library$bSTI$cRES$k(XB)$hAL 641
=CAT  \\$aBATCH$b00$c20040713$lBLL01$h1108
=CAT  \\$c20040713$lBLL01$h1108
=CAT  \\$a10746$b40$c20040908$lBLL01$h1630
=CAT  \\$a2866$b40$c20041103$lBLL01$h1417
=CAT  \\$aWR12-140$c20121030$lBLL01$h1102
=CAT  \\$aWR16_021$c20160610$lBLL01$h1947
=FIN  \\$aY
=STA  \\$aSUPPRESSED$bBusiness Reserve: STM
=LAS  \\$aWR16_021$b00$c20160610$lBLL01$h1947

