=LDR  02134 am a22005655a 4500
=001  012955895
=003  Uk
=005  20050216172530.0
=008  050126s2004\\\\cc\a\\\\\\\\\\001\0\chi\d
=FMT  \\$a  BK
=020  \\$a7801062698
=040  \\$aNjP-G$cNjP-G
=043  \\$aa-cc---
=066  \\$c{dollar}1
=082  04$a090.951$220
=082  04$a027.151$220
=082  04$a010.4$220
=082  04$a737.60951$220
=245  00$6880-01$aGuojia tushuguan guji cang shuyin xuanbian /$cGuojia tushuguan fenguan putong guji zubian.
=246  18$6880-02$aZhongguo guojia tushuguan guji cang shuyin xuanbian
=250  \\$6880-03$aDi 1 ban.
=260  \\$6880-04$aBeijing :$bXianzhuang shuju,$c2004.
=300  \\$a10 v. :$bill. (chiefly col.) ;$c29 cm.
=336  \\$atext$2rdacontent
=337  \\$aunmediated$2rdamedia
=338  \\$avolume$2rdacarrier
=500  \\$aIncludes index.
=650  \0$aSeals (Numismatics)$zChina.
=650  \0$aBook collectors$zChina$vBiography.
=650  \0$aBooks$xOwners' marks.
=710  2\$6880-05$aZhongguo guo jia tu shu guan.$bPu tong gu ji zu.
=880  00$6245-01/{dollar}1$a國家　圖書館　古籍　藏書印　選编 /$c國家　圖書館　分館　普通　古籍組　編.
=880  18$6246-02/{dollar}1$a中國　國家　圖書館　古籍　藏書印　選编
=880  \\$6250-03/{dollar}1$a第1版．
=880  \\$6260-04/{dollar}1$a北京 :$b线装　书局,$c2004.
=880  2\$6710-05/{dollar}1$a中國　國家　圖書館.$b普通　古籍組.
=852  11$aBritish Library$bOC$cSPHOA$kOIK$h090.951
=CAT  \\$a10503$b40$c20040720$lBLL01$h1608
=CAT  \\$a10503$b40$c20040720$lBLL01$h1609
=CAT  \\$a10503$b40$c20041216$lBLL01$h1139
=CAT  \\$a10503$b40$c20041216$lBLL01$h1144
=CAT  \\$a4039$b40$c20050215$lBLL01$h1626
=CAT  \\$a4039$b40$c20050215$lBLL01$h1638
=CAT  \\$a1722$b40$c20050216$lBLL01$h1725
=CAT  \\$aBATCH-UPD$b40$c20080920$lBLL01$h0230
=CAT  \\$aW1711-1225$c20171203$lBLL01$h1020
=FIN  \\$aY$d20050215
=SID  \\$aZ39$bRLG
=STA  \\$aSUPPRESSED$bunable to determine reason for suppression
=LAS  \\$aW1711-1225$b00$c20171203$lBLL01$h1020

