=LDR  01382 am a2200421 a 4500
=001  013116845
=003  Uk
=005  20050427113111.0
=008  050221s2004\\\\enk\\\\\\\\\\\000\0\eng\\
=FMT  \\$a  BK
=015  \\$aGBA517150$2bnb
=016  7\$a013116845$2Uk
=020  \\$a1842643398 (pbk.) :$cNo price
=040  \\$aUk$beng$cUk
=042  \\$aukblsr
=082  04$a330.940112$222
=245  00$aEuropean marketing forecasts 2004/2005.
=250  \\$a8th ed.
=260  \\$aLondon :$bEuromonitor International,$cc2004.
=300  \\$axx, 587 p. ;$c30 cm.
=336  \\$atext$2rdacontent
=337  \\$aunmediated$2rdamedia
=338  \\$avolume$2rdacarrier
=650  \0$aEconomic forecasting$zEurope.
=651  \0$aEurope$xEconomic conditions$y21st century$vStatistics.
=651  \0$aEurope$xCommerce$vStatistics.
=651  \0$aEurope$xPopulation$vStatistics.
=710  2\$aEuromonitor International.
=852  71$aBritish Library$bSTI$cRES$k(XB)$hAL 639$2blsrissc
=CAT  \\$a8178$b40$c20050221$lBLL01$h1532
=CAT  \\$a9671$b40$c20050225$lBLL01$h0927
=CAT  \\$a2866$b40$c20050427$lBLL01$h1131
=CAT  \\$aWR12-140$c20121030$lBLL01$h1102
=CAT  \\$aWR16_021$c20160611$lBLL01$h1944
=CAT  \\$aBATCH-UPD$b00$c20160611$lBLL01$h2033
=FIN  \\$aY$d20050225
=STA  \\$aSUPPRESSED$bBusiness Reserve: STM
=LAS  \\$aBATCH-UPD$b00$c20160611$lBLL01$h2033

