=LDR  02290 as a2200517 a 4500
=001  013491364
=003  Uk
=005  20090811091529.0
=007  ta
=008  060614c200u9999njumr\\\\r\\\\0\\\a0eng\\
=FMT  \\$a  SE
=040  \\$aUk$beng$cUk
=042  \\$aukblsr
=082  04$a338.76641530284$222
=245  00$aMC, the manufacturing confectioner.$pDirectory of ingredients, equipment and packaging.
=246  30$aDirectory of ingredients, equipment and packaging
=246  17$aManufacturing confectioner
=260  \\$aGlen Rock :$bManufacturing Confectioner Pub. Co.
=300  \\$av. :$bill. ;$c28 cm.
=310  \\$aAnnual
=336  \\$atext$2rdacontent
=337  \\$aunmediated$2rdamedia
=338  \\$avolume$2rdacarrier
=500  \\$aDescription based on: July 2006 issue.
=650  \0$aConfectionery$xEquipment and supplies$vDirectories.
=650  \0$aConfectionery$xPackaging$vDirectories.
=650  \0$aConfectioners$vDirectories.
=650  \0$aChocolate industry$vDirectories.
=650  \0$aCandy industry$vDirectories.
=690  7\$aManagement and Business Studies$2blcoll
=772  0\$tManufacturing confectioner$x0163-4364
=852  71$aBritish Library$bSTI$k(P)$hHT 25$m-E(2)$2blsrissc$32006-2008
=985  \\$aDO NOT MERGE / DELETE RECORD
=985  \\$aThis record was originally created as a result of STI raising a separate invoice for the directory. As the directory's designation is part of the numbering for the main work (i.e. it is always no. 7, July each year) it has been decided to continue to accession it with the main work. This record can not be deleted due to the invoicing attached for volumes 2006, 2007 & 2008. All item records for the directory are recorded at 12098773. 11.8.09
=CAT  \\$a3053$b40$c20060614$lBLL01$h1440
=CAT  \\$a8323$b40$c20090414$lBLL01$h1113
=CAT  \\$a8483$b40$c20090811$lBLL01$h0903
=CAT  \\$a8483$b40$c20090811$lBLL01$h0914
=CAT  \\$a8483$b40$c20090811$lBLL01$h0915
=CAT  \\$aBATCH690$c20100715$lBLL01$h2103
=CAT  \\$aBATCH-MBS$c20100716$lBLL01$h2048
=CAT  \\$aW1711-1225$c20171203$lBLL01$h1024
=FIN  \\$aY$d20090414
=STA  \\$aSUPPRESSED$bunable to determine reason for suppression
=TCO  \\$aTRS$bCCC$c008
=LAS  \\$aW1711-1225$b00$c20171203$lBLL01$h1024

