=LDR  02408 as a2200589 a 4500
=001  013539314
=003  Uk
=005  20100625144401.0
=006  m\\\\\\\\d\|\\\\\\
=007  co||||||||||||
=008  060824d200u200uenkuu\p\sr\\\\0\\\a0eng\\
=FMT  \\$a  SE
=015  \\$aGBA673368$2bnb
=040  \\$aUk$beng$cUk
=042  \\$aukblsr
=082  04$a628.102941$222
=130  0\$aWater fittings and materials directory (CD-ROM)
=245  10$aWater fittings and materials directory$h[electronic resource].
=260  \\$a[Oakdale] :$bWRAS
=300  \\$aCD-ROMs;$c4 3/4 in.
=336  \\$atext$2rdacontent
=337  \\$acomputer$2rdamedia
=338  \\$acomputer disc$2rdacarrier
=538  \\$aSystem requirements: IBM compatible PC; Windows 95 or later.
=530  \\$aAlso issued online at: http://www.wras.co.uk
=500  \\$aTitle printed on disc.
=500  \\$aLists water fittings and materials which have been examined, tested and found to comply with the requirements of water byelaws.
=500  \\$aDescription based on: Apr. 2006 issue.
=650  \0$aWater-supply engineering$xEquipment and supplies$vDirectories.
=650  \0$aPlumbing$zGreat Britain$xEquipment and supplies$vDirectories
=650  \0$aPlumbing fixtures$xEquipment and supplies$vDirectories.
=710  2\$aWater Regulations Advisory Scheme.
=787  0\$tWater fittings and materials directory$x0954-3643
=852  11$aBritish Library$bSTI$k(TP)$h628.102941$m-E(1)$32006 -2007.
=CAT  \\$a3072$b40$c20060824$lBLL01$h1421
=CAT  \\$a3072$b40$c20060830$lBLL01$h1553
=CAT  \\$a3072$b40$c20060831$lBLL01$h1358
=CAT  \\$a3072$b40$c20060831$lBLL01$h1401
=CAT  \\$a7332$b40$c20060926$lBLL01$h0835
=CAT  \\$a7750$b40$c20061110$lBLL01$h1127
=CAT  \\$a11249$b40$c20061120$lBLL01$h1137
=CAT  \\$a10902$b40$c20090115$lBLL01$h1343
=CAT  \\$a7792$b40$c20100625$lBLL01$h1444
=CAT  \\$aNOTEtoITEM$c20120125$lBLL01$h1102
=CAT  \\$aWR14_140$c20140905$lBLL01$h1812
=CAT  \\$aW1711-1225$c20171203$lBLL01$h1024
=FIN  \\$aY$d20060831
=LET  \\$aWater fittings and materials directory (CD-Rom)
=LKR  \\$aPAR$b010814999$lBLL01$r787$mWater fittings and materials directory$nWater fittings and materials directory
=STA  \\$aSUPPRESSED$bunable to determine reason for suppression
=TCO  \\$aCLA$bCLA$c008
=LAS  \\$aW1711-1225$b00$c20171203$lBLL01$h1024

