=LDR  03387cas a22007813  4500
=001  009840748
=003  Uk
=005  20221231192500.0
=008  040409u||||||||xxka|\p|||\\\\0\\\|0eng\\
=FMT  \\$a  SE
=019  c\$a2334778
=040  \\$aUk$cUk
=245  00$aANNUAL REPORT- HUNTERIAN INSTITUTE.
=336  \\$atext$2rdacontent
=337  \\$aunmediated$2rdamedia
=338  \\$avolume$2rdacarrier
=595  \\$aCONTD AS 2038.66N.
=540  \\$aCurrent Copyright Fee: GBP25.00$c0$5Uk
=883  0\$aLanguage codes assigned by Bayesian analysis of words present in record$d20210115$qUk$c0.9450
=852  71$aBritish Library$bSTI$k(P)$hGP 53$m(H) -E(1)$2blsrissc$31985/86-1987/88
=945  \\$aANNUAL REPORT- HUNTERIAN INSTITUTE.
=979  \\$aBritish Library$bDSC$j1290.510000N
=A02  \\$a2334778
=CAT  \\$aCONV$b00$c20040425$lBLL90$h0658
=CAT  \\$aBATCH$b00$c20100401$lBLL01$h0428
=CAT  \\$aBATCH$b00$c20100401$lBLL01$h1445
=CAT  \\$aBATCH-UPD$b00$c20101124$lBLL01$h1825
=CAT  \\$aBATCH-UPD$b00$c20101125$lBLL01$h1046
=CAT  \\$aIPL-CLA$c20101231$lBLL01$h1313
=CAT  \\$a10_149CORR$c20110119$lBLL01$h1404
=CAT  \\$aWR11_203$c20111204$lBLL01$h1348
=CAT  \\$aIPL-CLA$c20111230$lBLL01$h1813
=CAT  \\$aBATCH-CLA$b00$c20121104$lBLL01$h0959
=CAT  \\$aWR13.005$c20130323$lBLL01$h1346
=CAT  \\$a8456$b40$c20131122$lBLL01$h0947
=CAT  \\$aBATCH-CLA$c20131217$lBLL01$h1832
=CAT  \\$aIPL-CLA$c20131231$lBLL01$h2031
=CAT  \\$aBATCH-CLA$b00$c20161222$lBLL01$h1723
=CAT  \\$aIPL-CLA$c20161230$lBLL01$h1916
=CAT  \\$aBATCH-CLA$b00$c20171222$lBLL01$h2024
=CAT  \\$aIPL-CLA$c20171231$lBLL01$h1448
=CAT  \\$aBATCH-CLA$b00$c20191219$lBLL01$h1648
=CAT  \\$aIPL-CLA$c20191231$lBLL01$h1807
=CAT  \\$aR2001-1524$c20200127$lBLL01$h1937
=CAT  \\$aBATCH-CLA$b00$c20201204$lBLL01$h1445
=CAT  \\$aIPL-CLA$c20201231$lBLL01$h2011
=CAT  \\$aW2102-0046$b00$c20210506$lBLL01$h1445
=CAT  \\$aBATCH-CLA$b00$c20221221$lBLL01$h1751
=CAT  \\$aIPL-CLA$c20221231$lBLL01$h1925
=CFI  0\$aCurrent Copyright Fee: GBP25.00$c0$e01-jan-2023$fGBP25.00$g0$hA$5Uk
=CFI  2\$aPrevious Copyright Fee: GBP22.50$c0$e01-jan-2021$fGBP22.50$g0$hA$5Uk
=FIN  \\$aY
=LEO  \\$aMP10.0000059440
=SRC  \\$aDSS01$bbibmp10.200404.2.aa
=STA  \\$aSUPPRESSED$bNegative Record
=TCO  \\$aCLA$bCLA$c008
=ACF  \\$aPrevious copyright fee: GBP9.00$c0$e01-apr-2010$fGBP9.00$g0$hA$5Uk
=ACF  \\$aPrevious copyright fee: GBP6.00$c0$e01-apr-2008$fGBP6.00$g0$hA$5Uk
=ACF  \\$aPrevious copyright fee: GBP5.00$c0$e01-jul-2002$fGBP5.00$g0$hA$5Uk
=ACF  \\$aCurrent copyright fee: GBP4.40$c0$e01-jul-1998$fGBP4.40$g0$hA$5Uk
=ACF  \\$aCurrent copyright fee: GBP4.20$c0$e01-apr-1997$fGBP4.20$g0$hA$5Uk
=ACF  \\$aPrevious copyright fee: GBP10.50$c0$e01-jan-2011$fGBP10.50$g0$hA$5Uk
=ACF  \\$aPrevious copyright fee: GBP12.00$c0$e01-jan-2012$fGBP12.00$g0$hA$5Uk
=ACF  \\$aPrevious Copyright Fee: GBP12.30$c0$e01-jan-2014$fGBP12.30$g0$hA$5Uk
=ACF  \\$aPrevious Copyright Fee: GBP15.00$c0$e01-jan-2017$fGBP15.00$g0$hA$5Uk
=ACF  \\$aPrevious Copyright Fee: GBP17.50$c0$e01-jan-2018$fGBP17.50$g0$hA$5Uk
=ACF  \\$aPrevious Copyright Fee: GBP20.00$c0$e01-jan-2020$fGBP20.00$g0$hA$5Uk
=LAS  \\$aIPL-CLA$b00$c20221231$lBLL01$h1925

