=LDR  01540 am a2200445 a 4500
=001  008296288
=003  Uk
=005  20060302102124.0
=008  040423s2004\\\\enka\\\\\\\\\\000\0\eng\\
=FMT  \\$a  BK
=015  \\$aGBA457300$2bnb
=020  \\$cNo price (pbk.)
=040  \\$aUk$beng$cUk
=042  \\$aukblsr
=082  04$a338.47796$222
=245  00$aSporting activities in the great outdoors, leisure intelligence, February 2004.
=260  \\$aLondon :$bMintel International Group,$c[2004]
=300  \\$aiv, 82 p. :$bill. ;$c30 cm.
=336  \\$atext$2rdacontent
=337  \\$aunmediated$2rdamedia
=338  \\$avolume$2rdacarrier
=650  \0$aOutdoor recreation$zGreat Britain.
=650  \0$aOutdoor recreation$zGreat Britain$xStatistics.
=650  \0$aSports$zGreat Britain.
=650  \0$aSports$zGreat Britain$xStatistics.
=650  \0$aMarket surveys$zGreat Britain.
=852  11$aBritish Library$bSTI$cBIPC$k(B) MKT$h338.47796$mBusiness
=957  \\$r16/3/04$tM/37878-19
=CAT  \\$aCONV$b00$c20040425$lBLL90$h0920
=CAT  \\$aCONV$b00$c20040502$lBLL01$h1246
=CAT  \\$a11280$b40$c20040805$lBLL01$h1355
=CAT  \\$a2866$b40$c20060302$lBLL01$h1021
=CAT  \\$aBATCH$b00$c20091209$lBLL01$h0113
=CAT  \\$aBATCH-UPD$b00$c20121031$lBLL01$h1323
=CAT  \\$aW1711-1225$c20171203$lBLL01$h1018
=FIN  \\$aY
=LDO  \\$aLDO$bpbk$c11/3/04
=SRC  \\$aLDS01$bbiblm.200404.2.aa
=STA  \\$aSUPPRESSED$bunable to determine reason for suppression
=LAS  \\$aW1711-1225$b00$c20171203$lBLL01$h1018

