=LDR  02543 as a2200757 a 4500
=001  008879347
=003  Uk
=005  20130103104135.0
=006  m\\\\\\\\d\|\\\\\\
=007  cr||||||||||||
=008  040422d199u201uenkqr\p\s\\\\\0\\\a0eng\\
=FMT  \\$a  SE
=015  \\$aGBA6A6995$2bnb
=019  s\$aoasp02650
=019  c\$a2543980
=040  \\$aUk$beng$cUk$dUk
=042  \\$aukblsr
=082  04$a362.7$222
=130  0\$aChildData (CD-ROM)
=245  10$aChildData$h[electronic resource].
=246  1\$iAlso known as:$aChildData on CD-ROM
=246  3\$aChild Data
=260  \\$a[London] :$bNational Children's Bureau
=300  \\$aCD-ROMs ;$c4 3/4 in.
=336  \\$atext$2rdacontent
=337  \\$acomputer$2rdamedia
=338  \\$aonline resource$2rdacarrier
=500  \\$aCeased publication.
=538  \\$aSystem requirements: IBM compatible PC; Windows.
=500  \\$aTitle printed on disc.
=500  \\$aDescription based on: July 2006 issue.
=650  \0$aChildren$vAbstracts.
=650  \0$aChildren$vCongresses.
=710  2\$aNational Children's Bureau.
=787  0\$tChildData$x1353-9892
=776  0\$tChildData (Online)
=852  11$aBritish Library$bHMNTS$cSPHOA$kOPL$hCD-ROM(Non-network)
=945  \\$aCHILDDATA -OXTED- CD ROM EDITION-.
=958  \\$aOPL CD-ROM(Non-network)
=959  \\$fHeld but not currently received
=979  \\$aBritish Library$bDSC$j3172.951200N
=985  \\$aHumanities item records de-accessioned 12/12/07
=A02  \\$a2543980
=CAT  \\$aCONV$b00$c20040425$lBLL90$h0846
=CAT  \\$aCONV$b00$c20040502$lBLL01$h1307
=CAT  \\$a8181$b40$c20050714$lBLL01$h1036
=CAT  \\$a6550$b40$c20061212$lBLL01$h1058
=CAT  \\$a6550$b40$c20061212$lBLL01$h1106
=CAT  \\$a3072$b40$c20061220$lBLL01$h1204
=CAT  \\$a3072$b40$c20061220$lBLL01$h1205
=CAT  \\$a3072$b40$c20061220$lBLL01$h1210
=CAT  \\$a3072$b40$c20061220$lBLL01$h1213
=CAT  \\$a6550$b89$c20061221$lBLL01$h0902
=CAT  \\$aTOPCAT$b89$c20070404$lBLL01$h0906
=CAT  \\$aCDS08-UPD$b40$c20090903$lBLL01$h1746
=CAT  \\$a3072$b40$c20130103$lBLL01$h1041
=CAT  \\$aWR13.005$c20130323$lBLL01$h1513
=CAT  \\$aW1711-1225$c20171203$lBLL01$h1019
=FIN  \\$aY
=LEO  \\$aMP37.0000023219
=LEO  \\$aMP10.0000142878
=SRC  \\$aSPH01$bbibmp37h.200404.2.aa
=SRC  \\$aDSS01$bbibmp10.200404.2.aa
=STA  \\$aSUPPRESSED$bunable to determine reason for suppression
=TCO  \\$aCLA$bCLA$c008
=LAS  \\$aW1711-1225$b00$c20171203$lBLL01$h1019

