=LDR  01234 am a2200385ua 4500
=001  008896089
=003  Uk
=005  20070702164715.0
=008  841016|1966\\\\xxu\\\\||d\\\||||\||eng\\
=FMT  \\$a  BK
=019  0\$as245923004
=040  \\$aUk$cUk
=084  \\$aAA 00$2blsrissc
=245  04$aThe Random House dictionary of the English language /$c[J. Stein, editor-in-chief].
=250  \\$a[3rd ed.]
=260  \\$aNew York :$bRandom House,$c1966$g(1969 printing)
=300  \\$a2091p. ;$c32cm.
=336  \\$atext$2rdacontent
=337  \\$aunmediated$2rdamedia
=338  \\$avolume$2rdacarrier
=700  1\$aStein, Jess.
=852  71$aBritish Library$bSTI$k(B)$hAA 00$2blsrissc
=958  \\$aSTI(B)AA 00 blsrissc
=968  \\$aC
=CAT  \\$aCONV$b00$c20040425$lBLL90$h0853
=CAT  \\$aCONV$b00$c20040502$lBLL01$h1307
=CAT  \\$a10932$b40$c20070702$lBLL01$h1647
=CAT  \\$aBATCH$b00$c20091122$lBLL01$h0948
=CAT  \\$aBATCH-UPD$b00$c20121031$lBLL01$h1323
=CAT  \\$aW1711-1225$c20171203$lBLL01$h1019
=FIN  \\$aY
=LEO  \\$aMP25.0000097434
=SRC  \\$aSRI01$bbibmp25.200404.2.aa
=STA  \\$aSUPPRESSED$bunable to determine reason for suppression
=LAS  \\$aW1711-1225$b00$c20171203$lBLL01$h1019

