=LDR  01586 am a2200457 a 4500
=001  007626239
=003  Uk
=005  20060301134847.0
=008  040423s2004\\\\enka\\\\\\\\\\000\0\eng\\
=FMT  \\$a  BK
=015  \\$aGBA457303$2bnb
=040  \\$aUk$beng$cUk
=042  \\$aukblsr
=082  04$a381.10941$222
=245  00$aChristmas shopping habits, retail intelligence, February 2004.
=260  \\$aLondon :$bMintel International Group,$c2004.
=300  \\$avi, 66 p. :$bill. ;$c30 cm.
=336  \\$atext$2rdacontent
=337  \\$aunmediated$2rdamedia
=338  \\$avolume$2rdacarrier
=650  \0$aMarket surveys$zGreat Britain.
=650  \0$aConsumers' preferences$zGreat Britain.
=650  \0$aChristmas shopping$zGreat Britain.
=650  \0$aChristmas shopping$zGreat Britain$xStatistics.
=650  \0$aConsumers$zGreat Britain$xAttitudes.
=710  2\$aMintel International Group Ltd.
=852  11$aBritish Library$bSTI$cRES$k(XB)$hAL 90
=957  \\$r16/3/04$tM/37878-17
=CAT  \\$aCONV$b00$c20040425$lBLL90$h0920
=CAT  \\$aCONV$b00$c20040502$lBLL01$h1225
=CAT  \\$a11250$b40$c20040805$lBLL01$h1356
=CAT  \\$aUE-01$b00$c20050929$lBLL01$h1445
=CAT  \\$a2866$b40$c20060301$lBLL01$h1348
=CAT  \\$aBATCH$b00$c20091208$lBLL01$h0208
=CAT  \\$aBATCH-UPD$b00$c20121031$lBLL01$h1323
=CAT  \\$aW1711-1225$c20171203$lBLL01$h1018
=FIN  \\$aY
=LDO  \\$aLDO$bpbk$c6/3/03
=SRC  \\$aLDS01$bbiblm.200404.2.aa
=STA  \\$aSUPPRESSED$bunable to determine reason for suppression
=LAS  \\$aW1711-1225$b00$c20171203$lBLL01$h1018

