=LDR  01331 am a2200397 a 4500
=001  007691960
=003  Uk
=005  20040719102847.0
=008  031127s2003\\\\enka\\\||\\\\\000\||eng\\
=FMT  \\$a  BK
=015  \\$aGBA385833$2bnb
=019  y\$abA385833
=019  9\$abA385833
=020  \\$cNo price (spiral)
=039  0\$a2770
=040  \\$aUk$cUk
=082  04$a338.4764670941$221
=245  00$aProject beauty :$bUK salon and spa market products and services.
=260  \\$aLondon (No.1 Northumberland Ave., Trafalgar Sq., London WC2E 5BW) :$bAllegra Strategies,$c2003.
=300  \\$axv, 267 p. :$bill. ;$c30 cm.
=336  \\$atext$2rdacontent
=337  \\$aunmediated$2rdamedia
=338  \\$avolume$2rdacarrier
=650  \0$aTherapeutics, Physiological$zGreat Britain$vStatistics.
=650  \0$aBeauty shops$zGreat Britain$vStatistics.
=852  71$aBritish Library$bSTI$cRES$k(XB)$hHM 50$2blsrissc
=CAT  \\$aCONV$b00$c20040425$lBLL90$h0531
=CAT  \\$aCONV$b00$c20040502$lBLL01$h1229
=CAT  \\$a9219$b40$c20040719$lBLL01$h1028
=CAT  \\$aBATCH$b00$c20091119$lBLL01$h0123
=CAT  \\$aWR12-140$c20121030$lBLL01$h1102
=FIN  \\$aY
=LEO  \\$aMP5.0000027966
=SRC  \\$aBNB03$bbibmp5.200404.2.aa
=STA  \\$aSUPPRESSED$bBusiness Reserve: STM
=LAS  \\$aWR12-140$b00$c20121030$lBLL01$h1102

