=LDR  01580 am a2200481 a 4500
=001  007692404
=003  Uk
=005  20040716105656.0
=008  031219s2003\\\\enka\\\||s\\\\000\||eng\\
=FMT  \\$a  BK
=015  \\$aGBA404335$2bnb
=019  y\$abA404335
=019  9\$abA404335
=020  \\$cNo price (pbk)
=039  0\$a2773
=040  \\$aUk$cUk
=082  04$a338.476901822$221
=245  04$aThe market in social sector housing for replacement windows and entrance doors.
=250  \\$a2003 ed.
=260  \\$aSurbiton :$bPalmer Market Research,$c2003.
=300  \\$a78 leaves :$bill. ;$c30 cm.
=336  \\$atext$2rdacontent
=337  \\$aunmediated$2rdamedia
=338  \\$avolume$2rdacarrier
=500  \\$aPrevious ed.: 2002.
=650  \0$aWindow industry$zGreat Britain$xStatistics.
=650  \0$aWindow industry$zGreat Britain$vStatistics.
=650  \0$aDoors$zGreat Britain$xStatistics.
=650  \0$aDoors$zGreat Britain$vStatistics.
=650  \0$aMarket surveys$zGreat Britain.
=710  2\$aPalmer Market Research Ltd.
=852  71$aBritish Library$bSTI$cRES$k(XB)$hWP 16$2blsrissc
=CAT  \\$aCONV$b00$c20040425$lBLL90$h0531
=CAT  \\$aCONV$b00$c20040502$lBLL01$h1229
=CAT  \\$a9219$b40$c20040716$lBLL01$h1056
=CAT  \\$a11306$b40$c20050113$lBLL01$h0830
=CAT  \\$aBATCH$b00$c20091119$lBLL01$h0124
=CAT  \\$aWR12-140$c20121030$lBLL01$h1102
=FIN  \\$aY
=LEO  \\$aMP5.0000028619
=SRC  \\$aBNB03$bbibmp5.200404.2.aa
=STA  \\$aSUPPRESSED$bBusiness Reserve: STM
=LAS  \\$aWR12-140$b00$c20121030$lBLL01$h1102

