=LDR  01436 am a2200445 a 4500
=001  007692409
=003  Uk
=005  20060302192756.0
=008  031223s2003\\\\enka\\\||\\\\\000\||eng\\
=FMT  \\$a  BK
=015  \\$aGBA404376$2bnb
=019  y\$abA404376
=019  9\$abA404376
=020  \\$cNo price (pbk.)
=039  0\$a2774
=040  \\$aUk$cUk
=082  04$a338.47004160941$222
=245  00$aComputer retailing, retail intelligence, November 2003.
=260  \\$aLondon :$bMintel International Group,$c[2003]
=300  \\$aiv, 112 p. :$bill. ;$c30 cm.
=336  \\$atext$2rdacontent
=337  \\$aunmediated$2rdamedia
=338  \\$avolume$2rdacarrier
=650  \0$aMicrocomputers.
=650  \0$aComputer industry$zGreat Britain.
=650  \0$aMarket surveys$zGreat Britain.
=710  2\$aMintel International Group Ltd.
=852  71$aBritish Library$bSTI$cRES$k(XB)$hPM 76
=CAT  \\$aCONV$b00$c20040425$lBLL90$h0531
=CAT  \\$aCONV$b00$c20040502$lBLL01$h1229
=CAT  \\$aUE-01$b00$c20050929$lBLL01$h1447
=CAT  \\$a2866$b40$c20060302$lBLL01$h1927
=CAT  \\$aBATCH$b00$c20091119$lBLL01$h0124
=CAT  \\$aBATCH-UPD$b00$c20121031$lBLL01$h1323
=CAT  \\$aW1711-1225$c20171203$lBLL01$h1018
=FIN  \\$aY
=LEO  \\$aMP5.0000028626
=SRC  \\$aBNB03$bbibmp5.200404.2.aa
=STA  \\$aSUPPRESSED$bunable to determine reason for suppression
=LAS  \\$aW1711-1225$b00$c20171203$lBLL01$h1018

