=LDR  01356 am a2200433 a 4500
=001  007692433
=003  Uk
=005  20040714121951.0
=008  031229s2003\\\\enk\\\\||\\\\\000\||eng\\
=FMT  \\$a  BK
=015  \\$aGBA404708$2bnb
=019  y\$abA404708
=019  9\$abA404708
=020  \\$c£545.00 (pbk.)
=039  0\$a2774
=040  \\$aUk$cUk
=082  04$a338.4791$222
=245  00$aGroup travel, leisure intelligence, November 2003.
=260  \\$aLondon :$bMintel International Group,$c2003.
=300  \\$aii, 58 p. ;$c30 cm.
=336  \\$atext$2rdacontent
=337  \\$aunmediated$2rdamedia
=338  \\$avolume$2rdacarrier
=650  \0$aMarket surveys$zGreat Britain.
=650  \0$aTourism$zGreat Britain.
=650  \0$aTourism$zGreat Britain$vStatistics.
=710  2\$aMintel International Group Ltd.
=852  71$aBritish Library$bSTI$cRES$k(XB)$hAK 50$2blsrissc
=CAT  \\$aCONV$b00$c20040425$lBLL90$h0531
=CAT  \\$aCONV$b00$c20040502$lBLL01$h1229
=CAT  \\$a9219$b40$c20040714$lBLL01$h1219
=CAT  \\$aUE-01$b00$c20050929$lBLL01$h1447
=CAT  \\$aBATCH$b00$c20091119$lBLL01$h0124
=CAT  \\$aWR12-140$c20121030$lBLL01$h1102
=FIN  \\$aY
=LEO  \\$aMP5.0000028670
=SRC  \\$aBNB03$bbibmp5.200404.2.aa
=STA  \\$aSUPPRESSED$bBusiness Reserve: STM
=LAS  \\$aWR12-140$b00$c20121030$lBLL01$h1102

