=LDR  01564 am a2200469 a 4500
=001  007692439
=003  Uk
=005  20040715092439.0
=008  031230s2003\\\\enka\\\||\\\\\000\||eng\\
=FMT  \\$a  BK
=015  \\$aGBA404792$2bnb
=019  y\$abA404792
=019  9\$abA404792
=020  \\$cNo price (pbk.)
=039  0\$a2776
=040  \\$aUk$cUk
=082  04$a338.4733202401$222
=245  00$aWealth management and private banking, finance intelligence, December 2003.
=260  \\$aLondon :$bMintel International Group,$c[2003]
=300  \\$aiv, 92 p. :$bill. ;$c30 cm.
=336  \\$atext$2rdacontent
=337  \\$aunmediated$2rdamedia
=338  \\$avolume$2rdacarrier
=650  \0$aBanks and banking$zGreat Britain.
=650  \0$aFinancial services industry$zGreat Britain.
=650  \0$aFinance, Personal$zGreat Britain.
=650  \0$aSaving and investment$zGreat Britain.
=650  \0$aMarket surveys$zGreat Britain.
=650  \0$aFinance$zGreat Britain$xStatistics.
=710  2\$aMintel International Group Ltd.
=852  71$aBritish Library$bSTI$k(B)$hAM 03$2blsrissc
=CAT  \\$aCONV$b00$c20040425$lBLL90$h0531
=CAT  \\$aCONV$b00$c20040502$lBLL01$h1229
=CAT  \\$a9219$b40$c20040715$lBLL01$h0924
=CAT  \\$aUE-01$b00$c20050929$lBLL01$h1447
=CAT  \\$aBATCH$b00$c20091119$lBLL01$h0124
=CAT  \\$aWR12-140$c20121030$lBLL01$h1102
=FIN  \\$aY
=LEO  \\$aMP5.0000028680
=SRC  \\$aBNB03$bbibmp5.200404.2.aa
=STA  \\$aSUPPRESSED$bBusiness Reserve: STM
=LAS  \\$aWR12-140$b00$c20121030$lBLL01$h1102

