=LDR  01548 am a2200457 a 4500
=001  007692556
=003  Uk
=005  20040719094247.0
=008  040108s2002\\\\enk\\\\||s\\\\000\||eng\\
=FMT  \\$a  BK
=015  \\$aGBA406166$2bnb
=019  y\$abA406166
=019  9\$abA406166
=020  \\$cNo price (spiral)
=039  0\$a2775
=040  \\$aUk$cUk
=082  04$a338.477914$222
=245  00$aCaviar 20 :$bdata tabulations.$nVol.2,$pVideo/DVD, leisure & attitudes /$cprepared for The Caviar Consortium ; prepared by Media@BMRB part of BMRB International Limited.
=260  \\$aLondon :$bBMRB International Limited,$c2002.
=300  \\$a436, [41] p. ;$c22 x 30 cm.
=336  \\$atext$2rdacontent
=337  \\$aunmediated$2rdamedia
=338  \\$avolume$2rdacarrier
=650  \0$aMarket surveys.
=650  \0$aMotion picture theaters.
=650  \0$aConsumers.
=710  2\$aCaviar Consortium.
=710  2\$aBritish Market Research Bureau International
=852  71$aBritish Library$bSTI$cRES$k(XB)$hAQ 93$2blsrissc
=CAT  \\$aCONV$b00$c20040425$lBLL90$h0531
=CAT  \\$aCONV$b00$c20040502$lBLL01$h1229
=CAT  \\$a9219$b40$c20040719$lBLL01$h0942
=CAT  \\$a5194$b40$c20050411$lBLL01$h1154
=CAT  \\$aBATCH$b00$c20091119$lBLL01$h0124
=CAT  \\$aBATCH-UPD$b00$c20100212$lBLL01$h1819
=CAT  \\$aWR12-140$c20121030$lBLL01$h1102
=FIN  \\$aY
=LEO  \\$aMP5.0000028828
=SRC  \\$aBNB03$bbibmp5.200404.2.aa
=STA  \\$aSUPPRESSED$bBusiness Reserve: STM
=LAS  \\$aWR12-140$b00$c20121030$lBLL01$h1102

