=LDR  01350 am a2200433 a 4500
=001  007692663
=003  Uk
=005  20040715103605.0
=008  040112s2003\\\\enka\\\||\\\\\000\||eng\\
=FMT  \\$a  BK
=015  \\$aGBA407154$2bnb
=019  y\$abA407154
=019  9\$abA407154
=020  \\$c£545.00 (pbk.)
=039  0\$a2776
=040  \\$aUk$cUk
=082  04$a338.47792$222
=245  00$aLive entertainment.
=260  \\$aLondon :$bMintel International Group,$c2003.
=300  \\$a81 p. :$bill. ;$c30 cm.
=336  \\$atext$2rdacontent
=337  \\$aunmediated$2rdamedia
=338  \\$avolume$2rdacarrier
=490  1\$aMintel. Leisure intelligence
=650  \0$aEntertainment events$zGreat Britain$vStatistics.
=650  \0$aMarket surveys$zGreat Britain.
=830  \0$aMintel.$pLeisure intelligence
=852  71$aBritish Library$bSTI$k(B)$hAK 49$mBusiness$2blsrissc
=CAT  \\$aCONV$b00$c20040425$lBLL90$h0531
=CAT  \\$aCONV$b00$c20040502$lBLL01$h1229
=CAT  \\$a9219$b40$c20040715$lBLL01$h1036
=CAT  \\$aBATCH$b00$c20091119$lBLL01$h0124
=CAT  \\$aBATCH$b00$c20091216$lBLL01$h2323
=CAT  \\$aWR12-140$c20121030$lBLL01$h1102
=FIN  \\$aY
=LEO  \\$aMP5.0000028967
=SRC  \\$aBNB03$bbibmp5.200404.2.aa
=STA  \\$aSUPPRESSED$bBusiness Reserve: STM
=LAS  \\$aWR12-140$b00$c20121030$lBLL01$h1102

