=LDR  01435 am a2200433 a 4500
=001  007692692
=003  Uk
=005  20040714130111.0
=008  040114s2003\\\\enka\\\||\\\\\000\||eng\\
=FMT  \\$a  BK
=015  \\$aGBA407684$2bnb
=019  y\$abA407684
=019  9\$abA407684
=020  \\$cNo price (pbk.)
=039  0\$a2776
=040  \\$aUk$cUk
=082  04$a338.47332024$222
=245  00$aAdvice and independent intermediaries :$bpost depolarisation, finance intelligence, December 2003.
=260  \\$aLondon :$bMintel International Group,$c[2003]
=300  \\$aiv, 98 p. :$bill. ;$c30 cm.
=336  \\$atext$2rdacontent
=337  \\$aunmediated$2rdamedia
=338  \\$avolume$2rdacarrier
=650  \0$aFinancial services industry$zGreat Britain.
=650  \0$aFinance, Personal$zGreat Britain.
=650  \0$aMarket surveys$zGreat Britain.
=710  2\$aMintel International Group Ltd.
=852  71$aBritish Library$bSTI$cRES$k(XB)$hAL 96$2blsrissc
=CAT  \\$aCONV$b00$c20040425$lBLL90$h0531
=CAT  \\$aCONV$b00$c20040502$lBLL01$h1229
=CAT  \\$a9219$b40$c20040714$lBLL01$h1301
=CAT  \\$aUE-01$b00$c20050929$lBLL01$h1447
=CAT  \\$aBATCH$b00$c20091119$lBLL01$h0124
=CAT  \\$aWR12-140$c20121030$lBLL01$h1102
=FIN  \\$aY
=LEO  \\$aMP5.0000029025
=SRC  \\$aBNB03$bbibmp5.200404.2.aa
=STA  \\$aSUPPRESSED$bBusiness Reserve: STM
=LAS  \\$aWR12-140$b00$c20121030$lBLL01$h1102

