=LDR  01663 am a2200469 a 4500
=001  007692832
=003  Uk
=005  20040716102611.0
=008  040122s2002\\\\enk\\\\||s\\\\000\||eng\\
=FMT  \\$a  BK
=015  \\$aGBA409375$2bnb
=019  y\$abA409375
=019  9\$abA409375
=020  \\$cNo price (spiral)
=028  32$aBMRB/LM/JS/KK1119-423$bBMRB International Limited
=039  0\$a2777
=040  \\$aUk$cUk
=082  04$a338.4779143$222
=245  00$aCAVIAR 20 :$bdata tabulations.$nVol. 1,$pCinema /$cprepared for the Caviar Consortium ; prepared by Media@BMRB, part of BMRB International Limited.
=260  \\$aLondon :$bBMRB International Limited,$c2002.
=300  \\$a742, [47] p. ;$c22 x 30 cm.
=336  \\$atext$2rdacontent
=337  \\$aunmediated$2rdamedia
=338  \\$avolume$2rdacarrier
=500  \\$aPublisher's no. BMRB/LM/JS/KK1119-423.
=650  \0$aMarket surveys$zGreat Britain.
=650  \0$aMotion picture industry$zGreat Britain$vStatistics.
=710  2\$aCaviar Consortium.
=710  2\$aBritish Market Research Bureau International
=852  71$aBritish Library$bSTI$cRES$k(XB)$hAQ 93$2blsrissc
=CAT  \\$aCONV$b00$c20040425$lBLL90$h0531
=CAT  \\$aCONV$b00$c20040502$lBLL01$h1229
=CAT  \\$a9219$b40$c20040716$lBLL01$h1026
=CAT  \\$a5194$b40$c20050411$lBLL01$h1154
=CAT  \\$aBATCH$b00$c20091119$lBLL01$h0124
=CAT  \\$aBATCH-UPD$b00$c20100212$lBLL01$h1819
=CAT  \\$aWR12-140$c20121030$lBLL01$h1102
=FIN  \\$aY
=LEO  \\$aMP5.0000029250
=SRC  \\$aBNB03$bbibmp5.200404.2.aa
=STA  \\$aSUPPRESSED$bBusiness Reserve: STM
=LAS  \\$aWR12-140$b00$c20121030$lBLL01$h1102

