=LDR  01303 am a2200433 a 4500
=001  007692987
=003  Uk
=005  20040805121705.0
=008  040128s2003\\\\enka\\\||s\\\\000\||eng\\
=FMT  \\$a  BK
=015  \\$aGBA410928$2bnb
=019  y\$abA410928
=019  9\$abA410928
=020  \\$cNo price (pbk.)
=039  0\$a2778
=040  \\$aUk$cUk
=082  04$a338.476437$222
=245  00$aDIY and garden products.
=260  \\$aLondon :$bMintel,$c2003.
=300  \\$a76 p. :$bill. ;$c30 cm.
=336  \\$atext$2rdacontent
=337  \\$aunmediated$2rdamedia
=338  \\$avolume$2rdacarrier
=490  1\$aIrish series
=650  \0$aDo-it-yourself products industry$zIreland$vStatistics.
=650  \0$aIndustrial surveys$zIreland.
=830  \0$aIrish series
=852  71$aBritish Library$bSTI$cRES$k(XB)$hAL 90$2blsrissc
=CAT  \\$aCONV$b00$c20040425$lBLL90$h0531
=CAT  \\$aCONV$b00$c20040502$lBLL01$h1229
=CAT  \\$a2866$b40$c20040805$lBLL01$h1217
=CAT  \\$aBATCH$b00$c20091119$lBLL01$h0124
=CAT  \\$aBATCH$b00$c20091216$lBLL01$h2323
=CAT  \\$aWR12-140$c20121030$lBLL01$h1102
=FIN  \\$aY
=LEO  \\$aMP5.0000029445
=SRC  \\$aBNB03$bbibmp5.200404.2.aa
=STA  \\$aSUPPRESSED$bBusiness Reserve: STM
=LAS  \\$aWR12-140$b00$c20121030$lBLL01$h1102

