=LDR  01499 am a2200445 a 4500
=001  007692991
=003  Uk
=005  20040805121931.0
=008  040128s2003\\\\enk\\\\||\\\\\000\||eng\\
=FMT  \\$a  BK
=015  \\$aGBA410951$2bnb
=019  y\$abA410951
=019  9\$abA410951
=020  \\$cNo price (pbk.)
=039  0\$a2778
=040  \\$aUk$cUk
=082  04$a338.47613710941$222
=245  00$aFitness classes, leisure intelligence, December 2003.
=260  \\$aLondon :$bMintel International Group,$c2003.
=300  \\$a60 p. ;$c30 cm.
=336  \\$atext$2rdacontent
=337  \\$aunmediated$2rdamedia
=338  \\$avolume$2rdacarrier
=650  \0$aPhysical fitness centers$zGreat Britain.
=650  \0$aPhysical fitness centers$zGreat Britain$vStatistics.
=650  \0$aMarket surveys$zGreat Britain.
=710  2\$aMintel International Group Ltd.
=852  71$aBritish Library$bSTI$k(B)$hAK 40$mBusiness Reserve$zUnavailable for 3 years after publication$2blsrissc
=CAT  \\$aCONV$b00$c20040425$lBLL90$h0531
=CAT  \\$aCONV$b00$c20040502$lBLL01$h1229
=CAT  \\$a9219$b40$c20040715$lBLL01$h0846
=CAT  \\$a2866$b40$c20040805$lBLL01$h1219
=CAT  \\$aUE-01$b00$c20050929$lBLL01$h1448
=CAT  \\$aBATCH$b00$c20091119$lBLL01$h0124
=CAT  \\$aWR12-140$c20121030$lBLL01$h1102
=FIN  \\$aY
=LEO  \\$aMP5.0000029451
=SRC  \\$aBNB03$bbibmp5.200404.2.aa
=STA  \\$aSUPPRESSED$bBusiness Reserve: STM
=LAS  \\$aWR12-140$b00$c20121030$lBLL01$h1102

