=LDR  01533 am a2200481 a 4500
=001  007693146
=003  Uk
=005  20040715104051.0
=008  040204s2003\\\\enka\\\||s\\\\000\||eng\\
=FMT  \\$a  BK
=015  \\$aGBA412771$2bnb
=019  y\$abA412771
=019  9\$abA412771
=020  \\$c£545.00 (pbk.)
=039  0\$a2779
=040  \\$aUk$cUk
=082  04$a338.4764209415$222
=245  00$aCrisps, savoury snacks and nuts.
=260  \\$aLondon :$bMintel International Group,$c2003.
=300  \\$a61 p. :$bill. ;$c30 cm.
=336  \\$atext$2rdacontent
=337  \\$aunmediated$2rdamedia
=338  \\$avolume$2rdacarrier
=490  1\$aMintel. Irish series
=650  \0$aSnack foods$zIreland$vStatistics.
=650  \0$aSnack foods$zNorthern Ireland$vStatistics.
=650  \0$aMarket surveys$zIreland.
=650  \0$aMarket surveys$zNorthern Ireland.
=710  2\$aMintel International Group Ltd.
=830  \0$aMintel.$pIrish series
=852  71$aBritish Library$bSTI$cRES$k(XB)$hHQ 91$2blsrissc
=CAT  \\$aCONV$b00$c20040425$lBLL90$h0531
=CAT  \\$aCONV$b00$c20040502$lBLL01$h1229
=CAT  \\$a9219$b40$c20040715$lBLL01$h1040
=CAT  \\$aUE-01$b00$c20050929$lBLL01$h1448
=CAT  \\$aBATCH$b00$c20091119$lBLL01$h0124
=CAT  \\$aBATCH$b00$c20091216$lBLL01$h2323
=CAT  \\$aWR12-140$c20121030$lBLL01$h1102
=FIN  \\$aY
=LEO  \\$aMP5.0000029689
=SRC  \\$aBNB03$bbibmp5.200404.2.aa
=STA  \\$aSUPPRESSED$bBusiness Reserve: STM
=LAS  \\$aWR12-140$b00$c20121030$lBLL01$h1102

