=LDR  01328 am a2200421 a 4500
=001  007693292
=003  Uk
=005  20040715095333.0
=008  040212s2003\\\\enka\\\||\\\\\000\||eng\\
=FMT  \\$a  BK
=015  \\$aGBA414470$2bnb
=019  y\$abA414470
=019  9\$abA414470
=020  \\$cNo price (pbk.)
=039  0\$a2780
=040  \\$aUk$cUk
=082  04$a338.4736856$222
=245  00$aPet insurance, finance intelligence, December 2003.
=260  \\$aLondon :$bMintel International Group,$c[2003]
=300  \\$a68 p. :$bill. ;$c30 cm.
=336  \\$atext$2rdacontent
=337  \\$aunmediated$2rdamedia
=338  \\$avolume$2rdacarrier
=650  \0$aMarket surveys$zGreat Britain.
=650  \0$aPet owners$xInsurance$zGreat Britain.
=710  2\$aMintel International Group Ltd.
=852  71$aBritish Library$bSTI$cRES$k(XB)$hAL 952$2blsrissc
=CAT  \\$aCONV$b00$c20040425$lBLL90$h0531
=CAT  \\$aCONV$b00$c20040502$lBLL01$h1229
=CAT  \\$a9219$b40$c20040715$lBLL01$h0953
=CAT  \\$aUE-01$b00$c20050929$lBLL01$h1449
=CAT  \\$aBATCH$b00$c20091119$lBLL01$h0124
=CAT  \\$aWR12-140$c20121030$lBLL01$h1102
=FIN  \\$aY
=LEO  \\$aMP5.0000029921
=SRC  \\$aBNB03$bbibmp5.200404.2.aa
=STA  \\$aSUPPRESSED$bBusiness Reserve: STM
=LAS  \\$aWR12-140$b00$c20121030$lBLL01$h1102

