=LDR  01137 am a22003253u 4500
=001  006846726
=003  Uk
=005  20181016173500.0
=008  040421s1982\\\\||||||||||||||||||||jpn\|
=FMT  \\$a  BK
=100  1\$aIMAEDA Yoshihiro
=245  10$aCatalogue du Kanjur Tibetain del edition de Jang Sa-Tham
=250  \\$aPremiere partie/Edition en fac-simile avec introduction
=260  \\$aTokyo$bThe International Institute for Buddhist Studies$c1982
=336  \\$atext$2rdacontent
=337  \\$aunmediated$2rdamedia
=338  \\$avolume$2rdacarrier
=490  0\$aBibliographia Philologica Bucchica Series Major IIa
=852  11$aBritish Library$bOC$cSPHOA$kOII$h294.382
=957  \\$r09/09/1996
=AQN  \\$aE95
=CAT  \\$aCONV$b00$c20040502$lBLL01$h1201
=CAT  \\$aBATCH$b00$c20091207$lBLL01$h0308
=CAT  \\$aBATCH$b00$c20091224$lBLL01$h2302
=CAT  \\$aBATCH-UPD$b00$c20121031$lBLL01$h1317
=CAT  \\$aWR12170$c20121116$lBLL01$h1648
=CAT  \\$aW1810-0931$c20181016$lBLL01$h1735
=SRC  \\$aMOP02$bbibm2.200404.2.aa
=STA  \\$aSUPPRESSED$bPreliminary Record
=LAS  \\$aW1810-0931$b00$c20181016$lBLL01$h1735

