=LDR  01905 am a2200577 a 4500
=001  006894212
=003  Uk
=005  20041026120134.0
=006  m\\\\f\\\b\\\\\\\\
=007  ta
=007  co\|g||||m||||
=008  040812s2004\\\\ne\a\\\\\\\\\\001\0\eng\\
=FMT  \\$a  BK
=010  \\$a2004557408
=015  \\$aGBA476351$2bnb
=016  7\$a006894212$2Uk
=020  \\$a0750676043 (pbk.) :$cNo price
=024  3\$a9780750676045
=035  \\$a(DLC)13686123
=040  \\$aGZM$cGZM$dDLC$dUk
=042  \\$aukblsr
=050  00$aTK7895.G36+
=082  04$a621.395$222
=100  10$aMaxfield, Clive,$d1957-
=245  14$aThe design warrior's guide to FPGAs :$bdevices, tools, and flows /$cClive "Max" Maxfield.
=260  \\$aAmsterdam ;$aLondon :$bNewnes,$cc2004.
=300  \\$axvi, 542 p. :$bill. ;$c24 cm.
=336  \\$atext$2rdacontent
=337  \\$aunmediated$2rdamedia
=338  \\$avolume$2rdacarrier
=500  \\$aOne CD-ROM in pocket attached to inside back cover.
=500  \\$aIncludes index.
=650  \0$aField programmable gate arrays.
=852  11$aBritish Library$bSTI$k(B)$h621.395$3Accompanying CD-ROM at (TB) 621.395
=852  11$aBritish Library$bSTI$k(TB)$h621.395
=CAT  \\$aCONV$b00$c20040502$lBLL01$h1202
=CAT  \\$a6923$b40$c20041021$lBLL01$h0956
=CAT  \\$a6923$b40$c20041021$lBLL01$h0958
=CAT  \\$a9523$b40$c20041025$lBLL01$h1138
=CAT  \\$a11315$b40$c20041026$lBLL01$h1201
=CAT  \\$aBATCH$b00$c20091207$lBLL01$h0316
=CAT  \\$aBATCH-RDA$c20160127$lBLL01$h1357
=CAT  \\$aBATCH-UPD$b00$c20160127$lBLL01$h1358
=CAT  \\$aWR16_021$c20160608$lBLL01$h1731
=CAT  \\$aW1711-1225$c20171203$lBLL01$h1015
=FIN  \\$aY
=LDO  \\$aCIP
=SID  \\$aZ39$bLOC
=SRC  \\$aLDS01$bbiblm.200404.2.aa
=STA  \\$aSUPPRESSED$bunable to determine reason for suppression
=LAS  \\$aW1711-1225$b00$c20171203$lBLL01$h1015

