=LDR  01633 am a2200469 a 4500
=001  006921858
=003  Uk
=005  20050603162614.0
=008  040423s2005\\\\enka\\\\\b\\\\001\0\eng\\
=FMT  \\$a  BK
=015  \\$aGBA547615$2bnb
=016  7\$a006921858$2Uk
=020  \\$a1841840459 (incorrect for item)
=040  \\$aUk$beng$cUk
=082  04$a616.123061$222
=245  00$aLocal drug delivery for coronary artery disease /$cEdoardo Camenzind, Ivan K de Scheerder.
=260  \\$aLondon :$bTaylor & Francis$c2005
=300  \\$axiii, 594 p. :$bill. (some col.) ;$c26 cm.
=336  \\$atext$2rdacontent
=337  \\$aunmediated$2rdamedia
=338  \\$avolume$2rdacarrier
=504  \\$aIncludes bibliographical references and index.
=650  \0$aDrug delivery devices.
=650  \0$aCoronary heart disease$xTreatment.
=700  1\$aCamenzind, Edoardo.
=700  1\$aScheerder, Ivan K. De.
=852  41$aBritish Library$bSTI$k(B)$h616.123061
=985  \\$a700s not NACO. Add 042
=CAT  \\$aCONV$b00$c20040502$lBLL01$h1203
=CAT  \\$a12325$b40$c20050601$lBLL01$h1026
=CAT  \\$a11070$b40$c20050603$lBLL01$h1626
=CAT  \\$aBATCH$b00$c20091207$lBLL01$h0319
=CAT  \\$aBATCH$b00$c20091214$lBLL01$h0155
=CAT  \\$aBATCH$b00$c20091216$lBLL01$h0029
=CAT  \\$aWR16_021$c20160608$lBLL01$h1738
=CAT  \\$aBATCH-UPD$b00$c20160608$lBLL01$h2054
=CAT  \\$aW1711-1225$c20171203$lBLL01$h1016
=FIN  \\$aY$d20050603
=LDO  \\$aCIP
=SRC  \\$aLDS01$bbiblm.200404.2.aa
=STA  \\$aSUPPRESSED$bunable to determine reason for suppression
=LAS  \\$aW1711-1225$b00$c20171203$lBLL01$h1016

