=LDR  02262 am a2200601 a 4500
=001  006934617
=003  Uk
=005  20201124181835.0
=008  040423s2004\\\\enk||||||d||||000|0|eng\\
=FMT  \\$a  BK
=015  \\$aGBA471215$2bnb
=016  7\$a006934617$2Uk
=020  \\$a0747569924 (cased) :$c£35.00
=040  \\$aUk$beng$cUk
=041  0\$aeng$afre
=042  \\$aukblsr
=082  04$a443.21$222
=245  00$aFrench computing dictionary :$bFrench-English, English-French /$c[editorial team] S.M.H. Collin, Francoise Laurendeau, Bernard Mouget.
=246  14$aDictionnaire bilingue de l'informatique
=250  \\$a3rd ed.
=260  \\$aLondon :$bBloomsbury ;$c2004.
=300  \\$a413 p. ;$c24 cm.
=336  \\$atext$2rdacontent
=337  \\$aunmediated$2rdamedia
=338  \\$avolume$2rdacarrier
=490  0\$aA Bloomsbury reference book
=500  \\$aCover title: Dictionnaire bilingue de l'informatique.
=500  \\$aPrevious ed. published as: Computing and information technology French dictionary. Teddington : Peter Collin, 1996.
=650  \0$aComputer science$vDictionaries.
=650  \0$aEnglish language$vDictionaries$xFrench.
=650  \0$aFrench language$vDictionaries$xEnglish.
=700  1\$aCollin, S. M. H.,$d1966-
=700  1\$aLaurendeau-Collin, Françoise.
=700  1\$aMouget, Bernard.
=740  0\$aComputing and information technology French dictionary.
=852  71$aBritish Library$bSTI$k(B)$hAA 115$m(FRE)$2blsrissc
=985  \\$aUpgraded by BSS-generated file for WR2011-1473
=CAT  \\$aCONV$b00$c20040502$lBLL01$h1203
=CAT  \\$a8479$b40$c20040928$lBLL01$h1608
=CAT  \\$a8479$b40$c20040928$lBLL01$h1610
=CAT  \\$a5751$b40$c20041004$lBLL01$h1609
=CAT  \\$a5751$b40$c20041004$lBLL01$h1643
=CAT  \\$a5751$b40$c20041018$lBLL01$h1220
=CAT  \\$a5751$b40$c20041018$lBLL01$h1230
=CAT  \\$aBATCH$b00$c20091207$lBLL01$h0320
=CAT  \\$aWR16_021$c20160608$lBLL01$h1741
=CAT  \\$aW1711-1225$c20171203$lBLL01$h1016
=CAT  \\$aW2011-1473$b00$c20201124$lBLL01$h1818
=FIN  \\$aY
=LDO  \\$aCIP
=SRC  \\$aLDS01$bbiblm.200404.2.aa
=STA  \\$aSUPPRESSED$bunable to determine reason for suppression
=LAS  \\$aW2011-1473$b00$c20201124$lBLL01$h1818

