=LDR  01344 am a2200433 a 4500
=001  007028987
=003  Uk
=005  20040715111218.0
=008  021028s2002\\\\enka\\\||s\\\\000\||eng\\
=FMT  \\$a  BK
=015  \\$aGBA272981$2bnb
=019  y\$abA272981
=019  9\$abA272981
=020  \\$c£545.00 (spiral)
=039  0\$a2716
=040  \\$aUk$cUk
=082  04$a332.45$221
=245  00$aHoliday money :$bleisure intelligence, October 2002.
=246  3\$a2002 leisure October
=260  \\$aLondon :$bMintel International Group,$c2002.
=300  \\$a2, 78 p. :$bill. ;$c30 cm.
=336  \\$atext$2rdacontent
=337  \\$aunmediated$2rdamedia
=338  \\$avolume$2rdacarrier
=500  \\$aSpine title: 2002 leisure October.
=650  \0$aMarket surveys$zGreat Britain.
=650  \0$aForeign exchange.
=650  \0$aVacations$xEconomic aspects.
=852  71$aBritish Library$bSTI$cRES$k(XB)$hAL 646$2blsrissc
=CAT  \\$aCONV$b00$c20040425$lBLL90$h0530
=CAT  \\$aCONV$b00$c20040502$lBLL01$h1207
=CAT  \\$a9219$b40$c20040715$lBLL01$h1112
=CAT  \\$aBATCH$b00$c20091118$lBLL01$h2216
=CAT  \\$aWR12-140$c20121030$lBLL01$h1102
=FIN  \\$aY
=LEO  \\$aMP5.0000015863
=SRC  \\$aBNB03$bbibmp5.200404.2.aa
=STA  \\$aSUPPRESSED$bBusiness Reserve: STM
=LAS  \\$aWR12-140$b00$c20121030$lBLL01$h1102

