=LDR  01577 am a2200469 a 4500
=001  007029108
=003  Uk
=005  20040715121027.0
=008  021105s2002\\\\enka\\\||\\\\\000\||eng\\
=FMT  \\$a  BK
=015  \\$aGBA274907$2bnb
=019  y\$abA274907
=019  9\$abA274907
=020  \\$c£545.00 (spiral)
=039  0\$a2717
=040  \\$aUk$cUk
=082  04$a338.4778$221
=245  00$aCDs, records and tapes, leisure intelligence, October 2002.
=246  3\$a2002 leisure October
=260  \\$aLondon :$bMintel International Group,$c2002.
=300  \\$a90 p. :$bill. ;$c30 cm.
=336  \\$atext$2rdacontent
=337  \\$aunmediated$2rdamedia
=338  \\$avolume$2rdacarrier
=500  \\$aSpine title: 2002 leisure October.
=650  \0$aMarket surveys$zGreat Britain.
=650  \0$aSound recordings$zGreat Britain$xMarketing.
=650  \0$aSound recording industry$zGreat Britain.
=650  \0$aConsumer behavior$zGreat Britain.
=710  2\$aMintel International Group Ltd.
=852  71$aBritish Library$bSTI$cRES$k(XB)$hRV 62$zUnavailable for 3 years after publication$2blsrissc
=CAT  \\$aCONV$b00$c20040425$lBLL90$h0530
=CAT  \\$aCONV$b00$c20040502$lBLL01$h1207
=CAT  \\$a9219$b40$c20040715$lBLL01$h1210
=CAT  \\$aUE-01$b00$c20050929$lBLL01$h1425
=CAT  \\$aBATCH$b00$c20091118$lBLL01$h2216
=CAT  \\$aWR12-140$c20121030$lBLL01$h1102
=FIN  \\$aY
=LEO  \\$aMP5.0000016166
=SRC  \\$aBNB03$bbibmp5.200404.2.aa
=STA  \\$aSUPPRESSED$bBusiness Reserve: STM
=LAS  \\$aWR12-140$b00$c20121030$lBLL01$h1102

