=LDR  01508 am a2200481 a 4500
=001  007029558
=003  Uk
=005  20040715121354.0
=008  021129s2002\\\\enka\\\||\\\\\000\||eng\\
=FMT  \\$a  BK
=015  \\$aGBA281289$2bnb
=019  y\$abA281289
=019  9\$abA281289
=020  \\$cNo price (spiral)
=039  0\$a2720
=040  \\$aUk$cUk
=082  04$a338.47910941$221
=245  00$aSpecial interest holidays :$bleisure intelligence, November 2002.
=246  3\$a2002 leisure November
=260  \\$aLondon :$bMintel International Group,$c2002.
=300  \\$a4, 81 p. ;$c30 cm.
=336  \\$atext$2rdacontent
=337  \\$aunmediated$2rdamedia
=338  \\$avolume$2rdacarrier
=500  \\$aSpine title: 2002 leisure November.
=650  \0$aMarket surveys$zGreat Britain.
=650  \0$aVacations.
=650  \0$aVacations$zGreat Britain.
=650  \0$aTourism.
=650  \0$aTourism$zGreat Britain.
=710  2\$aMintel International Group Ltd.
=852  71$aBritish Library$bSTI$cRES$k(XB)$hAK 50$2blsrissc
=CAT  \\$aCONV$b00$c20040425$lBLL90$h0530
=CAT  \\$aCONV$b00$c20040502$lBLL01$h1207
=CAT  \\$a9219$b40$c20040715$lBLL01$h1213
=CAT  \\$aUE-01$b00$c20050929$lBLL01$h1426
=CAT  \\$aBATCH$b00$c20091118$lBLL01$h2216
=CAT  \\$aWR12-140$c20121030$lBLL01$h1102
=FIN  \\$aY
=LEO  \\$aMP5.0000017050
=SRC  \\$aBNB03$bbibmp5.200404.2.aa
=STA  \\$aSUPPRESSED$bBusiness Reserve: STM
=LAS  \\$aWR12-140$b00$c20121030$lBLL01$h1102

