=LDR  01700 am a2200529 a 4500
=001  007029974
=003  Uk
=005  20040716132305.0
=008  030107s2002\\\\enkab\\||s\\\\000\||eng\\
=FMT  \\$a  BK
=015  \\$aGBA305563$2bnb
=019  y\$abA305563
=019  9\$abA305563
=019  0\$as683231006
=020  \\$cNo price (pbk.)
=039  0\$a2725
=040  \\$aUk$cUk
=082  04$a338.4769850941$221
=245  00$aReport on the commercial glazing markets in Great Britain.
=246  3\$aCommercial glazing markets in Great Britain
=250  \\$a2002 ed.
=260  \\$aSurbiton :$bPalmer Market Research,$c2002.
=300  \\$a133 leaves :$bill., 1 map ;$c30 cm.
=336  \\$atext$2rdacontent
=337  \\$aunmediated$2rdamedia
=338  \\$avolume$2rdacarrier
=500  \\$aPrevious ed.: 2000.
=500  \\$aCover title: The commercial glazing markets in Great Britain.
=597  \\$aEnhanced$bSRIS DDC
=650  \0$aMarket surveys$zGreat Britain.
=650  \0$aGlazing$zGreat Britain$vStatistics.
=710  2\$aPalmer Market Research Ltd.
=852  71$aBritish Library$bSTI$cRES$k(XB)$hWP 19$2blsrissc
=957  \\$a021220c
=CAT  \\$aCONV$b00$c20040425$lBLL90$h0531
=CAT  \\$aCONV$b00$c20040502$lBLL01$h1207
=CAT  \\$a9219$b40$c20040716$lBLL01$h1323
=CAT  \\$a11306$b40$c20050113$lBLL01$h0830
=CAT  \\$aBATCH$b00$c20091118$lBLL01$h2216
=CAT  \\$aWR12-140$c20121030$lBLL01$h1102
=FIN  \\$aY
=LEO  \\$aMP5.0000017781
=LEO  \\$aMP25.0000361214
=SRC  \\$aBNB03$bbibmp5.200404.2.aa
=SRC  \\$aSRI01$bbibmp25.200404.2.aa
=STA  \\$aSUPPRESSED$bBusiness Reserve: STM
=LAS  \\$aWR12-140$b00$c20121030$lBLL01$h1102

