=LDR  01758 am a2200529 a 4500
=001  007029976
=003  Uk
=005  20040719102251.0
=008  030107s2002\\\\enkab\\||\\\\\000\||eng\\
=FMT  \\$a  BK
=015  \\$aGBA305575$2bnb
=019  y\$abA305575
=019  9\$abA305575
=019  0\$as683228005
=020  \\$cNo price (pbk.)
=039  0\$a2725
=040  \\$aUk$cUk
=082  04$a338.4769018$221
=245  04$aThe market for private sector home improvements.$nVol. 2,$pConservatories, entrance and patio doors, secondary glazing.
=250  \\$a2002 ed.
=260  \\$aSurbiton :$bPalmer Market Research,$c2002.
=300  \\$a118 leaves :$bill., 1 map ;$c31 cm.
=336  \\$atext$2rdacontent
=337  \\$aunmediated$2rdamedia
=338  \\$avolume$2rdacarrier
=500  \\$aPrevious ed.: 2001.
=597  \\$aEnhanced$bSRIS DDC
=650  \0$aMarket surveys$zGreat Britain.
=650  \0$aDwellings$zGreat Britain$xMaintenance and repair.
=650  \0$aBuilding fittings industry$zGreat Britain$vStatistics.
=710  2\$aPalmer Market Research Ltd.
=852  71$aBritish Library$bSTI$cRES$k(XB)$hWP 16$2blsrissc
=957  \\$a021220c
=CAT  \\$aCONV$b00$c20040425$lBLL90$h0531
=CAT  \\$aCONV$b00$c20040502$lBLL01$h1207
=CAT  \\$a9219$b40$c20040719$lBLL01$h1022
=CAT  \\$a11306$b40$c20050113$lBLL01$h0830
=CAT  \\$aBATCH$b00$c20091118$lBLL01$h2216
=CAT  \\$aBATCH-UPD$b00$c20100212$lBLL01$h1813
=CAT  \\$aWR12-140$c20121030$lBLL01$h1102
=FIN  \\$aY
=LEO  \\$aMP5.0000017783
=LEO  \\$aMP25.0000361211
=SRC  \\$aBNB03$bbibmp5.200404.2.aa
=SRC  \\$aSRI01$bbibmp25.200404.2.aa
=STA  \\$aSUPPRESSED$bBusiness Reserve: STM
=LAS  \\$aWR12-140$b00$c20121030$lBLL01$h1102

