=LDR  01747 am a2200517 a 4500
=001  007029985
=003  Uk
=005  20040715114456.0
=008  030108s2002\\\\enk\\\\||\\\\\000\||eng\\
=FMT  \\$a  BK
=015  \\$aGBA305793$2bnb
=019  y\$abA305793
=019  9\$abA305793
=020  \\$cNo price (spiral)
=039  0\$a2725
=040  \\$aUk$cUk
=082  04$a338.477927$221
=245  00$aNightclubs.
=260  \\$aLondon :$bMintel International Group,$c[2002]
=300  \\$a4, 85 p. ;$c30 cm.
=336  \\$atext$2rdacontent
=337  \\$aunmediated$2rdamedia
=338  \\$avolume$2rdacarrier
=490  1\$aLeisure intelligence
=500  \\$aOn spine: 2002 leisure December.
=500  \\$aNew ed. _ Previous ed.: 2000.
=650  \0$aMarket surveys$zGreat Britain.
=650  \0$aDiscotheques$zGreat Britain$xStatistics.
=650  \0$aDiscotheques$zGreat Britain$vStatistics.
=650  \0$aMusic-halls (Variety-theaters, cabarets, etc.)$zGreat Britain$xStatistics.
=650  \0$aMusic-halls (Variety-theaters, cabarets, etc.)$zGreat Britain$vStatistics.
=710  2\$aMintel International Group Ltd.
=830  \0$aLeisure intelligence
=852  71$aBritish Library$bSTI$k(B)$hAK 40$mBusiness$2blsrissc
=CAT  \\$aCONV$b00$c20040425$lBLL90$h0531
=CAT  \\$aCONV$b00$c20040502$lBLL01$h1207
=CAT  \\$a9219$b40$c20040715$lBLL01$h1144
=CAT  \\$aUE-01$b00$c20050929$lBLL01$h1428
=CAT  \\$aBATCH$b00$c20091118$lBLL01$h2216
=CAT  \\$aBATCH$b00$c20091216$lBLL01$h2240
=CAT  \\$aWR12-140$c20121030$lBLL01$h1102
=FIN  \\$aY
=LEO  \\$aMP5.0000017803
=SRC  \\$aBNB03$bbibmp5.200404.2.aa
=STA  \\$aSUPPRESSED$bBusiness Reserve: STM
=LAS  \\$aWR12-140$b00$c20121030$lBLL01$h1102

