=LDR  01915 am a2200553 a 4500
=001  007029993
=003  Uk
=005  20040714110957.0
=008  030109s2002\\\\enka\\\||\\\\\000\||eng\\
=FMT  \\$a  BK
=015  \\$aGBA305992$2bnb
=019  y\$abA305992
=019  9\$abA305992
=020  \\$c£545.00 (spiral)
=039  0\$a2725
=040  \\$aUk$beng$cUk
=082  04$a338.476213897$221
=245  00$aIn-home interactive media.
=260  \\$aLondon :$bMintel International Group,$c[2002]
=300  \\$a111 p. :$bill. ;$c30 cm.
=336  \\$atext$2rdacontent
=337  \\$aunmediated$2rdamedia
=338  \\$avolume$2rdacarrier
=490  1\$aLeisure intelligence
=500  \\$aOn spine: Mintel 2002 leisure December.
=650  \0$aMarket surveys$zGreat Britain.
=650  \0$aInteractive multimedia$vStatistics.
=650  \0$aInteractive multimedia$xStatistics.
=650  \0$aHome entertainment industry$vStatistics.
=650  \0$aHome entertainment industry$xStatistics.
=650  \0$aHousehold electronics industry$vStatistics.
=650  \0$aHousehold electronics industry$xStatistics.
=710  2\$aMintel International Group Ltd.
=830  \0$aLeisure intelligence
=852  71$aBritish Library$bSTI$cRES$k(XB)$hPM 557$zUnavailable for 3 years after publication$2blsrissc
=CAT  \\$aCONV$b00$c20040425$lBLL90$h0531
=CAT  \\$aCONV$b00$c20040502$lBLL01$h1207
=CAT  \\$a9219$b40$c20040714$lBLL01$h1059
=CAT  \\$a9219$b40$c20040714$lBLL01$h1102
=CAT  \\$a9219$b40$c20040714$lBLL01$h1109
=CAT  \\$aUE-01$b00$c20050929$lBLL01$h1428
=CAT  \\$aBATCH$b00$c20091118$lBLL01$h2216
=CAT  \\$aBATCH$b00$c20091216$lBLL01$h2240
=CAT  \\$aWR12-140$c20121030$lBLL01$h1102
=FIN  \\$aY
=LEO  \\$aMP5.0000017823
=SRC  \\$aBNB03$bbibmp5.200404.2.aa
=STA  \\$aSUPPRESSED$bBusiness Reserve: STM
=LAS  \\$aWR12-140$b00$c20121030$lBLL01$h1102

