=LDR  01572 am a2200481 a 4500
=001  007030518
=003  Uk
=005  20040805124214.0
=008  030207s2003\\\\enka\\\||\\\\\000\||eng\\
=FMT  \\$a  BK
=015  \\$aGBA313714$2bnb
=019  y\$abA313714
=019  9\$abA313714
=020  \\$c£650 (pbk.)
=039  0\$a2729
=040  \\$aUk$cUk
=082  04$a338.436292220941$221
=245  00$aCar finance.
=260  \\$aLondon :$bMintel International Group,$c2003.
=300  \\$a91 p. :$bill. ;$c30 cm.
=336  \\$atext$2rdacontent
=337  \\$aunmediated$2rdamedia
=338  \\$avolume$2rdacarrier
=490  1\$aFinancial intelligence
=650  \0$aMarket surveys$zGreat Britain.
=650  \0$aAutomobile industry and trade$zGreat Britain$xFinance.
=650  \0$aAutomobile industry and trade$zGreat Britain$xFinance$xStatistics.
=710  2\$aMintel International Group Ltd.
=830  \0$aFinancial intelligence.
=852  71$aBritish Library$bSTI$cRES$k(XB)$hVJ 152$2blsrissc
=CAT  \\$aCONV$b00$c20040425$lBLL90$h0531
=CAT  \\$aCONV$b00$c20040502$lBLL01$h1207
=CAT  \\$a2866$b40$c20040805$lBLL01$h1242
=CAT  \\$aUE-01$b00$c20050929$lBLL01$h1429
=CAT  \\$aBATCH$b00$c20091118$lBLL01$h2216
=CAT  \\$aBATCH$b00$c20091216$lBLL01$h2240
=CAT  \\$aWR12-140$c20121030$lBLL01$h1102
=CAT  \\$aBATCH-UPD$b00$c20160610$lBLL01$h1251
=FIN  \\$aY
=LEO  \\$aMP5.0000018680
=SRC  \\$aBNB03$bbibmp5.200404.2.aa
=STA  \\$aSUPPRESSED$bBusiness Reserve: STM
=LAS  \\$aBATCH-UPD$b00$c20160610$lBLL01$h1251

