=LDR  01628 am a2200505 a 4500
=001  007030522
=003  Uk
=005  20040805122636.0
=008  030207s2003\\\\enka\\\||\\\\\000\||eng\\
=FMT  \\$a  BK
=015  \\$aGBA313730$2bnb
=019  y\$abA313730
=019  9\$abA313730
=020  \\$c£545 (pbk.)
=039  0\$a2729
=040  \\$aUk$cUk
=082  04$a338.4791088375$221
=245  00$aStudent travel :$bthe gap era.
=260  \\$aLondon :$bMintel International Group,$c2003.
=300  \\$a65 p. :$bill. ;$c30 cm.
=336  \\$atext$2rdacontent
=337  \\$aunmediated$2rdamedia
=338  \\$avolume$2rdacarrier
=490  1\$aLeisure intelligence
=650  \0$aMarket surveys$zGreat Britain.
=650  \0$aStudents$xTravel$zGreat Britain.
=650  \0$aStudents$xTravel$zGreat Britain$xStatistics.
=710  2\$aMintel International Group Ltd.
=830  \0$aLeisure intelligence
=852  71$aBritish Library$bSTI$cRES$k(XB)$hAK 50$2blsrissc
=CAT  \\$aCONV$b00$c20040425$lBLL90$h0531
=CAT  \\$aCONV$b00$c20040502$lBLL01$h1207
=CAT  \\$a9219$b40$c20040714$lBLL01$h1150
=CAT  \\$a9219$b40$c20040714$lBLL01$h1151
=CAT  \\$a9219$b40$c20040714$lBLL01$h1212
=CAT  \\$a2866$b40$c20040805$lBLL01$h1226
=CAT  \\$aUE-01$b00$c20050929$lBLL01$h1429
=CAT  \\$aBATCH$b00$c20091118$lBLL01$h2216
=CAT  \\$aBATCH$b00$c20091216$lBLL01$h2240
=CAT  \\$aWR12-140$c20121030$lBLL01$h1102
=FIN  \\$aY
=LEO  \\$aMP5.0000018685
=SRC  \\$aBNB03$bbibmp5.200404.2.aa
=STA  \\$aSUPPRESSED$bBusiness Reserve: STM
=LAS  \\$aWR12-140$b00$c20121030$lBLL01$h1102

