=LDR  01548 am a2200493 a 4500
=001  007030618
=003  Uk
=005  20040715100826.0
=008  030210s2003\\\\enka\\\||\\\\\001\||eng\\
=FMT  \\$a  BK
=015  \\$aGBA314608$2bnb
=019  y\$abA314608
=019  9\$abA314608
=020  \\$cNo price (pbk.)
=039  0\$a2730
=040  \\$aUk$cUk
=082  04$a338.479141$221
=245  00$aCoach holidays.
=260  \\$aLondon :$bMintel International Group,$c2003.
=300  \\$a87 p. :$bill. ;$c30 cm.
=336  \\$atext$2rdacontent
=337  \\$aunmediated$2rdamedia
=338  \\$avolume$2rdacarrier
=490  1\$aMintel leisure intelligence
=500  \\$aIncludes index.
=650  \0$aMarket surveys$zGreat Britain.
=650  \0$aBus travel$zGreat Britain.
=650  \0$aPackage tours$zGreat Britain.
=710  2\$aMintel International Group Ltd.
=830  \0$aMintel leisure intelligence.
=852  71$aBritish Library$bSTI$cRES$k(XB)$hAK 50$2blsrissc
=CAT  \\$aCONV$b00$c20040425$lBLL90$h0531
=CAT  \\$aCONV$b00$c20040502$lBLL01$h1207
=CAT  \\$a9219$b40$c20040715$lBLL01$h1008
=CAT  \\$aUE-01$b00$c20050929$lBLL01$h1429
=CAT  \\$aBATCH$b00$c20091118$lBLL01$h2216
=CAT  \\$aBATCH$b00$c20091216$lBLL01$h2240
=CAT  \\$aWR12-140$c20121030$lBLL01$h1102
=CAT  \\$aBATCH-UPD$b00$c20160205$lBLL01$h0846
=FIN  \\$aY
=LEO  \\$aMP5.0000018805
=SRC  \\$aBNB03$bbibmp5.200404.2.aa
=STA  \\$aSUPPRESSED$bBusiness Reserve: STM
=LAS  \\$aBATCH-UPD$b00$c20160205$lBLL01$h0846

