=LDR  01358 am a2200433 a 4500
=001  007030619
=003  Uk
=005  20040714131634.0
=008  030210s2003\\\\enka\\\||\\\\\000\||eng\\
=FMT  \\$a  BK
=015  \\$aGBA314615$2bnb
=019  y\$abA314615
=019  9\$abA314615
=020  \\$c£650.00 (pbk.)
=039  0\$a2730
=040  \\$aUk$cUk
=082  04$a333.33220941$221
=245  04$aThe buy-to-let property market.
=260  \\$aLondon :$bMintel International Group,$c[2003]
=300  \\$a87 p. :$bill. ;$c30 cm.
=336  \\$atext$2rdacontent
=337  \\$aunmediated$2rdamedia
=338  \\$avolume$2rdacarrier
=650  \0$aMarket surveys$zGreat Britain.
=650  \0$aReal property$zGreat Britain.
=650  \0$aReal property$zGreat Britain$vStatistics.
=710  2\$aMintel International Group Ltd.
=852  71$aBritish Library$bSTI$cRES$k(XB)$hAM 09$2blsrissc
=CAT  \\$aCONV$b00$c20040425$lBLL90$h0531
=CAT  \\$aCONV$b00$c20040502$lBLL01$h1207
=CAT  \\$a9219$b40$c20040714$lBLL01$h1316
=CAT  \\$aUE-01$b00$c20050929$lBLL01$h1429
=CAT  \\$aBATCH$b00$c20091118$lBLL01$h2216
=CAT  \\$aWR12-140$c20121030$lBLL01$h1102
=FIN  \\$aY
=LEO  \\$aMP5.0000018807
=SRC  \\$aBNB03$bbibmp5.200404.2.aa
=STA  \\$aSUPPRESSED$bBusiness Reserve: STM
=LAS  \\$aWR12-140$b00$c20121030$lBLL01$h1102

