=LDR  01545 am a2200481 a 4500
=001  007031010
=003  Uk
=005  20040715101210.0
=008  030228s2003\\\\enka\\\||\\\\\000\||eng\\
=FMT  \\$a  BK
=015  \\$aGBA319167$2bnb
=019  y\$abA319167
=019  9\$abA319167
=020  \\$c£545.00 (pbk.)
=039  0\$a2732
=040  \\$aUk$cUk
=082  04$a338.477963520941$221
=245  00$aGolf.
=260  \\$aLondon :$bMintel International Group,$c2003.
=300  \\$a87 p. :$bill. ;$c30 cm.
=336  \\$atext$2rdacontent
=337  \\$aunmediated$2rdamedia
=338  \\$avolume$2rdacarrier
=490  1\$aMintel leisure intelligence
=650  \0$aMarket surveys$zGreat Britain.
=650  \0$aGolf$xEconomic aspects$zGreat Britain.
=650  \0$aGolf$xEconomic aspects$zGreat Britain$vStatistics.
=710  2\$aMintel International Group Ltd.
=830  \0$aMintel leisure intelligence.
=852  71$aBritish Library$bSTI$cRES$k(XB)$hAK 60$2blsrissc
=CAT  \\$aCONV$b00$c20040425$lBLL90$h0531
=CAT  \\$aCONV$b00$c20040502$lBLL01$h1207
=CAT  \\$a9219$b40$c20040715$lBLL01$h1012
=CAT  \\$aUE-01$b00$c20050929$lBLL01$h1430
=CAT  \\$aBATCH$b00$c20091118$lBLL01$h2217
=CAT  \\$aBATCH$b00$c20091216$lBLL01$h2240
=CAT  \\$aWR12-140$c20121030$lBLL01$h1102
=CAT  \\$aBATCH-UPD$b00$c20160204$lBLL01$h1407
=FIN  \\$aY
=LEO  \\$aMP5.0000019462
=SRC  \\$aBNB03$bbibmp5.200404.2.aa
=STA  \\$aSUPPRESSED$bBusiness Reserve: STM
=LAS  \\$aBATCH-UPD$b00$c20160204$lBLL01$h1407

