=LDR  01347 am a2200433 a 4500
=001  007031013
=003  Uk
=005  20040714132842.0
=008  030228s2003\\\\enka\\\||s\\\\000\||eng\\
=FMT  \\$a  BK
=015  \\$aGBA319180$2bnb
=019  y\$abA319180
=019  9\$abA319180
=020  \\$c£650.00 (pbk.)
=039  0\$a2732
=040  \\$aUk$cUk
=082  04$a338.4736850941$221
=245  00$aTravel insurance.
=260  \\$aLondon :$bMintel International Group,$c2003.
=300  \\$a93 p. :$bill. ;$c30 cm.
=336  \\$atext$2rdacontent
=337  \\$aunmediated$2rdamedia
=338  \\$avolume$2rdacarrier
=490  1\$aMintel finance intelligence
=650  \0$aMarket surveys$zGreat Britain.
=650  \0$aInsurance, Travelers'$zGreat Britain$vStatistics.
=830  \0$aMintel finance intelligence
=852  71$aBritish Library$bSTI$cRES$k(XB)$hAL 30$2blsrissc
=CAT  \\$aCONV$b00$c20040425$lBLL90$h0531
=CAT  \\$aCONV$b00$c20040502$lBLL01$h1207
=CAT  \\$a9219$b40$c20040714$lBLL01$h1328
=CAT  \\$aBATCH$b00$c20091118$lBLL01$h2217
=CAT  \\$aBATCH$b00$c20091216$lBLL01$h2240
=CAT  \\$aWR12-140$c20121030$lBLL01$h1102
=FIN  \\$aY
=LEO  \\$aMP5.0000019465
=SRC  \\$aBNB03$bbibmp5.200404.2.aa
=STA  \\$aSUPPRESSED$bBusiness Reserve: STM
=LAS  \\$aWR12-140$b00$c20121030$lBLL01$h1102

