=LDR  01617 am a2200493 a 4500
=001  007032040
=003  Uk
=005  20040805120219.0
=008  030430s2003\\\\enka\\\||\\\\\000\||eng\\
=FMT  \\$a  BK
=015  \\$aGBA332715$2bnb
=019  y\$abA332715
=019  9\$abA332715
=020  \\$cNo price (pbk.)
=039  0\$a2740
=040  \\$aUk$cUk
=082  04$a338.4766760941$221
=245  00$aReport on the trade paint market in Great Britain.
=246  3\$aTrade market in Great Britain
=250  \\$a2003 ed.
=260  \\$aSurbiton :$bPalmer Market Research,$c2003.
=300  \\$a120 leaves :$bill. ;$c30 cm.
=336  \\$atext$2rdacontent
=337  \\$aunmediated$2rdamedia
=338  \\$avolume$2rdacarrier
=500  \\$aPrevious ed.: 2000?.
=500  \\$aCover title: The trade paint market in Great Britain.
=650  \0$aPaint industry and trade$zGreat Britain$xStatistics.
=650  \0$aMarket surveys$zGreat Britain.
=710  2\$aPalmer Market Research Ltd.
=852  71$aBritish Library$bSTI$cRES$k(XB)$hMA 525$2blsrissc
=CAT  \\$aCONV$b00$c20040425$lBLL90$h0531
=CAT  \\$aCONV$b00$c20040502$lBLL01$h1207
=CAT  \\$a9219$b40$c20040716$lBLL01$h1111
=CAT  \\$a2866$b40$c20040805$lBLL01$h1201
=CAT  \\$a2866$b40$c20040805$lBLL01$h1202
=CAT  \\$a11306$b40$c20050113$lBLL01$h0830
=CAT  \\$aBATCH$b00$c20091118$lBLL01$h2217
=CAT  \\$aWR12-140$c20121030$lBLL01$h1102
=FIN  \\$aY
=LEO  \\$aMP5.0000021463
=SRC  \\$aBNB03$bbibmp5.200404.2.aa
=STA  \\$aSUPPRESSED$bBusiness Reserve: STM
=LAS  \\$aWR12-140$b00$c20121030$lBLL01$h1102

