=LDR  01453 am a2200457 a 4500
=001  007055004
=003  Uk
=005  20040716144711.0
=008  030414s2003\\\\enk\\\\||\\\\\000\||eng\\
=FMT  \\$a  BK
=015  \\$aGBA3Z4842$2bnb
=019  y\$abA3Z4842
=019  9\$a1842642391
=020  \\$a1842642391 (pbk.) :$c£860.00
=039  0\$a2738
=040  \\$aStDuBDS$dUk
=082  04$a330.940112$221
=245  00$aEuropean marketing forecasts 2002 [i.e. 2003].
=250  \\$a6th ed.
=260  \\$aLondon :$bEuromonitor International,$c2003.
=300  \\$axxii, 578 p. ;$c30 cm.
=336  \\$atext$2rdacontent
=337  \\$aunmediated$2rdamedia
=338  \\$avolume$2rdacarrier
=500  \\$aPrevious ed.: 2002?.
=650  \0$aMarket surveys$zEurope.
=650  \0$aEconomic forecasting$zEurope.
=651  \0$aEurope$xPopulation$vStatistics.
=651  \0$aEurope$xCommerce$vStatistics.
=651  \0$aEurope$xEconomic conditions$y21st century$vStatistics.
=852  71$aBritish Library$bSTI$cRES$k(XB)$hAQ 90$2blsrissc
=CAT  \\$aCONV$b00$c20040425$lBLL90$h0541
=CAT  \\$aCONV$b00$c20040502$lBLL01$h1208
=CAT  \\$a9219$b40$c20040716$lBLL01$h1447
=CAT  \\$aBATCH$b00$c20091118$lBLL01$h2227
=CAT  \\$aWR12-140$c20121030$lBLL01$h1102
=FIN  \\$aY
=LEO  \\$aMP5.0000387310
=SRC  \\$aBNB03$bbibmp5.200404.2.aa
=STA  \\$aSUPPRESSED$bBusiness Reserve: STM
=LAS  \\$aWR12-140$b00$c20121030$lBLL01$h1102

