=LDR  01153 am a2200361ua 4500
=001  005398451
=003  Uk
=005  20121030110200.0
=008  970218|1995\\\\enk\\\\||\\\\||||\||eng\\
=FMT  \\$a  BK
=019  0\$as617442002
=040  \\$aUk$cUk
=084  \\$aRH 31$2blsrissc
=084  \\$aRH 02$2blsrissc
=084  \\$aAA 734$2blsrissc
=110  2\$aGoulden Reports Ltd.
=245  10$aSubstation equipment in the Far East and South East Asia :$bmarkets and manufacturers 1995 /$cGoulden Reports.
=260  \\$a[London],$c1995.
=300  \\$a110p. ;$c30cm.
=336  \\$atext$2rdacontent
=337  \\$aunmediated$2rdamedia
=338  \\$avolume$2rdacarrier
=852  71$aBritish Library$bSTI$cRES$k(B)$hRH 31$mBusiness Reserve$2blsrissc$3Unavailable for 4 years after publication
=957  \\$aCR
=968  \\$cBR
=CAT  \\$aCONV$b00$c20040502$lBLL01$h1059
=CAT  \\$aBATCH$b00$c20091118$lBLL01$h0011
=CAT  \\$aWR12-140$c20121030$lBLL01$h1102
=FIN  \\$aY
=LEO  \\$aMP25SBR.0000000001
=SRC  \\$aSTI01$bbibmp25r.200404.2.aa
=STA  \\$aSUPPRESSED$bBusiness Reserve: STM
=LAS  \\$aWR12-140$b00$c20121030$lBLL01$h1102

