=LDR  01521 am a2200457ua 4500
=001  005398477
=003  Uk
=005  20121030110200.0
=008  990518s1999\\\\enk\\\\||s\\\|00|\||eng\\
=FMT  \\$a  BK
=015  \\$aGB9918551$2bnb
=019  0\$as64601000x
=020  \\$c(spiral)
=040  \\$aUk$cUk
=082  04$a305.40941$221
=084  \\$aAL 90$2blsrissc
=245  00$aWomen 2000.
=260  \\$aLondon :$bMintel International Group,$cc1999.
=300  \\$aiii, 133p. :$bill. ;$c30cm.
=336  \\$atext$2rdacontent
=337  \\$aunmediated$2rdamedia
=338  \\$avolume$2rdacarrier
=490  1\$aMintel marketing intelligence special report
=650  \0$aMarket surveys$zGreat Britain.
=650  \0$aWomen consumers$zGreat Britain$vStatistics.
=650  \0$aWomen$zGreat Britain$xAttitudes$vStatistics.
=710  2\$aMintel International Group Ltd.
=830  \0$aMintel marketing intelligence special report
=852  71$aBritish Library$bSTI$cRES$k(B)$hAL 90$mBusiness Reserve$2blsrissc$3Unavailable for 3 years after publication
=957  \\$a990218p
=968  \\$cBR
=CAT  \\$aCONV$b00$c20040502$lBLL01$h1059
=CAT  \\$aUE-01$b00$c20050929$lBLL01$h1350
=CAT  \\$aBATCH$b00$c20091118$lBLL01$h0011
=CAT  \\$aBATCH$b00$c20091216$lBLL01$h2208
=CAT  \\$aWR12-140$c20121030$lBLL01$h1102
=FIN  \\$aY
=LEO  \\$aMP25SBR.0000000027
=SRC  \\$aSTI01$bbibmp25r.200404.2.aa
=STA  \\$aSUPPRESSED$bBusiness Reserve: STM
=LAS  \\$aWR12-140$b00$c20121030$lBLL01$h1102

