=LDR  01524 am a2200493ua 4500
=001  005398484
=003  Uk
=005  20160610124900.0
=008  000315s1999\\\\enk\\\\||\\\\|00|\||eng\\
=FMT  \\$a  BK
=015  \\$aGBA003404$2bnb
=019  0\$as653743009
=020  \\$c(spiral)
=040  \\$aUk$cUk
=082  04$a338.473060941$221
=084  \\$aAL 90$2blsrissc
=245  00$aEthnic lifestyles.
=246  3\$a1999 ethnic lifestyles
=260  \\$aLondon :$bMintel International Group,$c[1999]
=300  \\$a64p. ;$c30cm.
=336  \\$atext$2rdacontent
=337  \\$aunmediated$2rdamedia
=338  \\$avolume$2rdacarrier
=490  1\$aMintel special report
=500  \\$aSpine title: 1999 ethnic lifestyles.
=650  \0$aMarket surveys$zGreat Britain.
=650  \0$aMinorities$zGreat Britain.
=650  \0$aLifestyles$zGreat Britain.
=710  2\$aMintel International Group Ltd.
=830  \0$aMintel special report.
=852  71$aBritish Library$bSTI$cRES$k(XB)$hAL 90$2blsrissc
=957  \\$a991216c
=968  \\$cBR
=CAT  \\$aCONV$b00$c20040502$lBLL01$h1059
=CAT  \\$aUE-01$b00$c20050929$lBLL01$h1350
=CAT  \\$aBATCH$b00$c20091118$lBLL01$h0011
=CAT  \\$aBATCH$b00$c20091216$lBLL01$h2208
=CAT  \\$aWR12-140$c20121030$lBLL01$h1102
=CAT  \\$aBATCH-UPD$b00$c20160610$lBLL01$h1249
=FIN  \\$aY
=LEO  \\$aMP25SBR.0000000034
=SRC  \\$aSTI01$bbibmp25r.200404.2.aa
=STA  \\$aSUPPRESSED$bBusiness Reserve: STM
=LAS  \\$aBATCH-UPD$b00$c20160610$lBLL01$h1249

