=LDR  01173 am a2200397ua 4500
=001  005398489
=003  Uk
=005  20121030110200.0
=008  000412s2000\\\\enk\\\\||\\\\|00|\||eng\\
=FMT  \\$a  BK
=015  \\$aGBA006415$2bnb
=019  0\$as654153000
=020  \\$a0862148340 (pbk.)
=040  \\$aUk$cUk
=082  04$a338.4766143$221
=084  \\$aNJ 88(S1)$2blsrissc
=245  04$aThe economics of perlite.
=250  \\$a7th ed.
=260  \\$aLondon :$bRoskill Information Services,$c2000.
=300  \\$a1 v. (various pagings) ;$c30 cm.
=336  \\$atext$2rdacontent
=337  \\$aunmediated$2rdamedia
=338  \\$avolume$2rdacarrier
=650  \0$aPerlite industry.
=710  2\$aRoskill Information Services.
=852  71$aBritish Library$bSTI$k(B)$hNJ 88$m(S1) Business$2blsrissc
=957  \\$a000104c
=968  \\$cBR
=CAT  \\$aCONV$b00$c20040502$lBLL01$h1059
=CAT  \\$aBATCH$b00$c20091118$lBLL01$h0011
=CAT  \\$aWR12-140$c20121030$lBLL01$h1102
=FIN  \\$aY
=LEO  \\$aMP25SBR.0000000039
=SRC  \\$aSTI01$bbibmp25r.200404.2.aa
=STA  \\$aSUPPRESSED$bBusiness Reserve: STM
=LAS  \\$aWR12-140$b00$c20121030$lBLL01$h1102

