=LDR  01528 am a2200469ua 4500
=001  005398497
=003  Uk
=005  20121030110200.0
=008  000315s2000\\\\enk\\\\||s\\\|00|\||eng\\
=FMT  \\$a  BK
=015  \\$aGBA013271$2bnb
=019  0\$as655747001
=020  \\$c(pbk.)
=040  \\$aUk$cUk
=082  04$a338.4769850941$221
=084  \\$aWP 00$2blsrissc
=245  00$aReport on the commercial glazing markets in Great Britain.
=246  3\$aCommercial glazing markets in Great Britain
=250  \\$a2000 ed.
=260  \\$aThames Ditton :$bPalmer Market Research,$c2000.
=300  \\$a104 leaves :$bill., 1 map ;$c30 cm.
=336  \\$atext$2rdacontent
=337  \\$aunmediated$2rdamedia
=338  \\$avolume$2rdacarrier
=500  \\$aPrevious ed.: 1997.
=500  \\$aCover title: The commercial glazing markets in Great Britain.
=650  \0$aMarket surveys$zGreat Britain.
=650  \0$aGlazing$zGreat Britain$xStatistics.
=650  \0$aGlazing$zGreat Britain$vStatistics.
=710  2\$aPalmer Market Research Ltd.
=852  71$aBritish Library$bSTI$cRES$k(XB)$hWP 00$2blsrissc
=957  \\$a000208c
=968  \\$cBR
=CAT  \\$aCONV$b00$c20040502$lBLL01$h1059
=CAT  \\$a11306$b40$c20050113$lBLL01$h0830
=CAT  \\$aBATCH$b00$c20091118$lBLL01$h0011
=CAT  \\$aWR12-140$c20121030$lBLL01$h1102
=FIN  \\$aY
=LEO  \\$aMP25SBR.0000000047
=SRC  \\$aSTI01$bbibmp25r.200404.2.aa
=STA  \\$aSUPPRESSED$bBusiness Reserve: STM
=LAS  \\$aWR12-140$b00$c20121030$lBLL01$h1102

