=LDR  01371 am a2200445ua 4500
=001  005398509
=003  Uk
=005  20121030110200.0
=008  030708s2000\\\\enk\\\\||\\\\|00|\||eng\\
=FMT  \\$a  BK
=015  \\$aGBA050718$2bnb
=019  0\$as659525003
=020  \\$c(spiral)
=040  \\$aUk$cUk
=082  04$a332.17520941$221
=245  00$aPerformance & security.
=260  \\$aLondon :$bMintel International Group,$c[2000]
=300  \\$a51 p. :$bill. ;$c30 cm.
=336  \\$atext$2rdacontent
=337  \\$aunmediated$2rdamedia
=338  \\$avolume$2rdacarrier
=490  1\$aMintel 2000 finance
=650  \0$aInvestments$zGreat Britain.
=650  \0$aSaving and investment$zGreat Britain.
=650  \0$aMarket surveys$zGreat Britain.
=710  2\$aMintel International Group Ltd.
=830  \0$aMintel 2000 finance
=852  71$aBritish Library$bSTI$k(B)$hAM 02$mBusiness$2blsrissc
=957  \\$a000717c
=968  \\$cBR
=CAT  \\$aCONV$b00$c20040502$lBLL01$h1059
=CAT  \\$aUE-01$b00$c20050929$lBLL01$h1351
=CAT  \\$aBATCH$b00$c20091118$lBLL01$h0011
=CAT  \\$aBATCH$b00$c20091216$lBLL01$h2208
=CAT  \\$aWR12-140$c20121030$lBLL01$h1102
=FIN  \\$aY
=LEO  \\$aMP25SBR.0000000059
=SRC  \\$aSTI01$bbibmp25r.200404.2.aa
=STA  \\$aSUPPRESSED$bBusiness Reserve: STM
=LAS  \\$aWR12-140$b00$c20121030$lBLL01$h1102

