=LDR  01401 am a2200445ua 4500
=001  005398511
=003  Uk
=005  20121030110200.0
=008  000808s1999\\\\enk\\\\||\\\\|00|\||eng\\
=FMT  \\$a  BK
=015  \\$aGBA039536$2bnb
=019  0\$as659600005
=020  \\$c(spiral)
=040  \\$aUk$cUk
=082  04$a338.476479409415$221
=084  \\$aHP 62$2blsrissc
=245  00$aHealth and fitness facilities.
=260  \\$aLondon :$bMintel International Group Ltd.,$c[1999]
=300  \\$a36, [6] p. ;$c30 cm.
=336  \\$atext$2rdacontent
=337  \\$aunmediated$2rdamedia
=338  \\$avolume$2rdacarrier
=490  1\$aMintel Irish series
=650  \0$aMarket surveys$zIreland.
=650  \0$aHotels$zIreland.
=710  2\$aMintel International Group Ltd.
=830  \0$aMintel Irish series
=852  71$aBritish Library$bSTI$cRES$k(B)$hHP 62$mBusiness Reserve$2blsrissc$3Unavailable for 3 years after publication
=957  \\$a991104c
=968  \\$cBR
=CAT  \\$aCONV$b00$c20040502$lBLL01$h1059
=CAT  \\$aUE-01$b00$c20050929$lBLL01$h1351
=CAT  \\$aBATCH$b00$c20091118$lBLL01$h0011
=CAT  \\$aBATCH$b00$c20091216$lBLL01$h2208
=CAT  \\$aWR12-140$c20121030$lBLL01$h1102
=FIN  \\$aY
=LEO  \\$aMP25SBR.0000000061
=SRC  \\$aSTI01$bbibmp25r.200404.2.aa
=STA  \\$aSUPPRESSED$bBusiness Reserve: STM
=LAS  \\$aWR12-140$b00$c20121030$lBLL01$h1102

