=LDR  01449 am a2200457ua 4500
=001  005398518
=003  Uk
=005  20121030110200.0
=008  030708s2000\\\\enk\\\\||\\\\|00|\||eng\\
=FMT  \\$a  BK
=015  \\$aGBA058362$2bnb
=019  0\$as660635003
=020  \\$c(spiral)
=040  \\$aUk$cUk
=082  04$a338.47664$221
=084  \\$aHP 172$2blsrissc
=245  00$aFood & drink August 2000.
=246  3\$a2000 market August
=260  \\$aLondon :$bMintel International Group,$c2000.
=300  \\$a1 v. (various pagings) :$bill. ;$c30 cm.
=336  \\$atext$2rdacontent
=337  \\$aunmediated$2rdamedia
=338  \\$avolume$2rdacarrier
=490  0\$aMintel market intelligence
=500  \\$aSpine title: 2000 market August.
=650  \0$aMarket surveys$zGreat Britain.
=650  \0$aFood.
=650  \0$aBeverages$zGreat Britain.
=710  2\$aMintel International Group Ltd.
=852  71$aBritish Library$bSTI$cRES$k(B)$hHP 172 Reeserve$mBusiness$2blsrissc$3Unavailable for 3 years after publication
=957  \\$a000904c
=968  \\$cBR
=CAT  \\$aCONV$b00$c20040502$lBLL01$h1059
=CAT  \\$aUE-01$b00$c20050929$lBLL01$h1351
=CAT  \\$aBATCH$b00$c20091118$lBLL01$h0011
=CAT  \\$aWR12-140$c20121030$lBLL01$h1102
=FIN  \\$aY
=LEO  \\$aMP25SBR.0000000068
=SRC  \\$aSTI01$bbibmp25r.200404.2.aa
=STA  \\$aSUPPRESSED$bBusiness Reserve: STM
=LAS  \\$aWR12-140$b00$c20121030$lBLL01$h1102

