=LDR  01327 am a2200445ua 4500
=001  005398531
=003  Uk
=005  20121030110200.0
=008  001205s2000\\\\enk\\\\||r\\\|00|\||eng\\
=FMT  \\$a  BK
=015  \\$aGBA064413$2bnb
=019  0\$as662588002
=020  \\$a0863389066
=040  \\$aUk$cUk
=082  04$a027.69025$221
=084  \\$aAA 660$2blsrissc
=245  00$aWorld directory of business information libraries.
=250  \\$a4th ed.
=260  \\$aLondon :$bEuromonitor,$cc2000.
=300  \\$a420 p. ;$c31 cm.
=336  \\$atext$2rdacontent
=337  \\$aunmediated$2rdamedia
=338  \\$avolume$2rdacarrier
=500  \\$aPrevious ed.: 1998.
=500  \\$aIncludes indexes.
=650  \0$aBusiness libraries$vDirectories.
=650  \0$aBusiness information services$vDirectories.
=710  2\$aEuromonitor PLC.
=852  71$aBritish Library$bSTI$cRES$k(XB)$hAA 660$2blsrissc
=957  \\$a000901c
=968  \\$cBR
=CAT  \\$aCONV$b00$c20040502$lBLL01$h1059
=CAT  \\$aUE-01$b00$c20050902$lBLL01$h1130
=CAT  \\$aBATCH$b00$c20091118$lBLL01$h0011
=CAT  \\$aWR12-140$c20121030$lBLL01$h1102
=FIN  \\$aY
=LEO  \\$aMP25SBR.0000000081
=SRC  \\$aSTI01$bbibmp25r.200404.2.aa
=STA  \\$aSUPPRESSED$bBusiness Reserve: STM
=LAS  \\$aWR12-140$b00$c20121030$lBLL01$h1102

