=LDR  01419 am a2200445ua 4500
=001  005398535
=003  Uk
=005  20121030110200.0
=008  001205s2000\\\\enk\\\\||\\\\|00|\||eng\\
=FMT  \\$a  BK
=015  \\$aGBA061956$2bnb
=019  0\$as662593006
=020  \\$c(pbk.)
=040  \\$aUk$cUk
=082  04$a338.476901823$221
=245  04$aThe market for private sector home improvements.$nVol.1,$pWindows.
=250  \\$a2000 ed.
=260  \\$aThames Ditton :$bPalmer Market Research,$c2000.
=300  \\$a115 leaves :$bill. ;$c30 cm.
=336  \\$atext$2rdacontent
=337  \\$aunmediated$2rdamedia
=338  \\$avolume$2rdacarrier
=500  \\$aPrevious ed.: 2000.
=650  \0$aWindow industry$zGreat Britain.
=650  \0$aWindow industry$zGreat Britain$vStatistics.
=650  \0$aMarket surveys$zGreat Britain.
=710  2\$aPalmer Market Research Ltd.
=852  71$aBritish Library$bSTI$k(B)$hWP 16$mBusiness$2blsrissc
=957  \\$a000922c
=968  \\$cBR
=CAT  \\$aCONV$b00$c20040502$lBLL01$h1059
=CAT  \\$a11306$b40$c20050113$lBLL01$h0830
=CAT  \\$aBATCH$b00$c20091118$lBLL01$h0011
=CAT  \\$aBATCH-UPD$b00$c20100212$lBLL01$h1703
=CAT  \\$aWR12-140$c20121030$lBLL01$h1102
=FIN  \\$aY
=LEO  \\$aMP25SBR.0000000085
=SRC  \\$aSTI01$bbibmp25r.200404.2.aa
=STA  \\$aSUPPRESSED$bBusiness Reserve: STM
=LAS  \\$aWR12-140$b00$c20121030$lBLL01$h1102

