=LDR  01392 am a2200457ua 4500
=001  005398549
=003  Uk
=005  20121030110200.0
=008  010313s2000\\\\enk\\\\||\\\\|00|\||eng\\
=FMT  \\$a  BK
=015  \\$aGBA101305$2bnb
=019  0\$as663219000
=020  \\$c(spiral)
=040  \\$aUk$cUk
=082  04$a381.456887609415$221
=084  \\$aPM 598$2blsrissc
=084  \\$aAK 56$2blsrissc
=245  00$aVideo and computer games.
=260  \\$aLondon :$bMintel International Group,$c[2000]
=300  \\$a34 p. :$bill. ;$c30 cm.
=336  \\$atext$2rdacontent
=337  \\$aunmediated$2rdamedia
=338  \\$avolume$2rdacarrier
=490  1\$aMintel Irish series
=650  \0$aMarket surveys$zIreland.
=650  \0$aVideo recordings industry$zIreland.
=710  2\$aMintel International Group Ltd.
=830  \0$aMintel Irish series
=852  71$aBritish Library$bSTI$cRES$k(XB)$hPM 598$mBus$2blsrissc
=957  \\$a001212c
=968  \\$cBR
=CAT  \\$aCONV$b00$c20040502$lBLL01$h1059
=CAT  \\$aUE-01$b00$c20050929$lBLL01$h1353
=CAT  \\$aBATCH$b00$c20091118$lBLL01$h0011
=CAT  \\$aBATCH$b00$c20091216$lBLL01$h2208
=CAT  \\$aWR12-140$c20121030$lBLL01$h1102
=FIN  \\$aY
=LEO  \\$aMP25SBR.0000000099
=SRC  \\$aSTI01$bbibmp25r.200404.2.aa
=STA  \\$aSUPPRESSED$bBusiness Reserve: STM
=LAS  \\$aWR12-140$b00$c20121030$lBLL01$h1102

