=LDR  01353 am a2200445ua 4500
=001  005398552
=003  Uk
=005  20121030110200.0
=008  021008s2000\\\\enk\\\\||\\\\|00|\||eng\\
=FMT  \\$a  BK
=015  \\$aGBA103724$2bnb
=019  0\$as663561000
=020  \\$c(pbk.)
=040  \\$aUk$cUk
=082  04$a338.476983$221
=084  \\$aMA 770$2blsrissc
=245  04$aThe trade woodcare market in Great Britain.
=250  \\$a2000 ed.
=260  \\$aSurbiton :$bPalmer Market Research,$c2000.
=300  \\$a99 leaves :$bill. ;$c30 cm.
=336  \\$atext$2rdacontent
=337  \\$aunmediated$2rdamedia
=338  \\$avolume$2rdacarrier
=650  \0$aWood preservatives.
=650  \0$aMarket surveys$zGreat Britain.
=650  \0$aWood finishing.
=650  \0$aProtective coatings industry$zGreat Britain.
=710  2\$aPalmer Market Research Ltd.
=852  71$aBritish Library$bSTI$k(B)$hMA 770$mBusiness$2blsrissc
=957  \\$a001221c
=968  \\$cBR
=CAT  \\$aCONV$b00$c20040502$lBLL01$h1059
=CAT  \\$a11306$b40$c20050113$lBLL01$h0830
=CAT  \\$aBATCH$b00$c20091118$lBLL01$h0011
=CAT  \\$aWR12-140$c20121030$lBLL01$h1102
=FIN  \\$aY
=LEO  \\$aMP25SBR.0000000102
=SRC  \\$aSTI01$bbibmp25r.200404.2.aa
=STA  \\$aSUPPRESSED$bBusiness Reserve: STM
=LAS  \\$aWR12-140$b00$c20121030$lBLL01$h1102

