=LDR  01396 am a2200457ua 4500
=001  005398553
=003  Uk
=005  20160610124900.0
=008  010410s2001\\\\enk\\\\||s\\\|00|\||eng\\
=FMT  \\$a  BK
=015  \\$aGBA105429$2bnb
=019  0\$as66403800x
=020  \\$c(spiral)
=040  \\$aUk$cUk
=082  04$a380.1450705$221
=084  \\$aAB 766$2blsrissc
=245  00$aContract publishing.
=260  \\$aLondon :$bMintel International,$cc2001.
=300  \\$a109 p. :$bill. ;$c30 cm.
=336  \\$atext$2rdacontent
=337  \\$aunmediated$2rdamedia
=338  \\$avolume$2rdacarrier
=490  1\$aMintel special report
=650  \0$aPublishers and publishing$zGreat Britain.
=650  \0$aMarket surveys.
=710  2\$aMintel International Group Ltd.
=830  \0$aMintel special report.
=852  71$aBritish Library$bSTI$cRES$k(XB)$hAB 766$2blsrissc
=957  \\$a001219c
=968  \\$cBR
=CAT  \\$aCONV$b00$c20040502$lBLL01$h1059
=CAT  \\$aUE-01$b00$c20050929$lBLL01$h1353
=CAT  \\$aBATCH$b00$c20091118$lBLL01$h0011
=CAT  \\$aBATCH$b00$c20091216$lBLL01$h2208
=CAT  \\$aWR12-140$c20121030$lBLL01$h1102
=CAT  \\$aBATCH-UPD$b00$c20160610$lBLL01$h1249
=FIN  \\$aY
=LEO  \\$aMP25SBR.0000000103
=SRC  \\$aSTI01$bbibmp25r.200404.2.aa
=STA  \\$aSUPPRESSED$bBusiness Reserve: STM
=LAS  \\$aBATCH-UPD$b00$c20160610$lBLL01$h1249

