=LDR  01387 am a2200433ua 4500
=001  005398561
=003  Uk
=005  20121030110200.0
=008  021008s2001\\\\enk\\\\||s\\\|00|\||eng\\
=FMT  \\$a  BK
=015  \\$aGBA111030$2bnb
=019  0\$as664635008
=020  \\$c(spiral)
=040  \\$aUk$cUk
=082  04$a330.941$221
=084  \\$aAL 90$2blsrissc
=084  \\$aAM 14$2blsrissc
=245  00$aBritish lifestyles.
=260  \\$aLondon :$bMintel International Group,$c2001.
=300  \\$a1 v. (various pagings) :$bill. ;$c30 cm.
=336  \\$atext$2rdacontent
=337  \\$aunmediated$2rdamedia
=338  \\$avolume$2rdacarrier
=490  0\$aMintel special report
=650  \0$aMarket surveys$zGreat Britain.
=650  \0$aLifestyles$xEconomic aspects$zGreat Britain.
=650  \0$aConsumption (Economics)$zGreat Britain.
=650  \0$aConsumer behavior$zGreat Britain.
=852  71$aBritish Library$bSTI$cRES$k(B)$hAL 90$mBusiness Reserve$2blsrissc$3Unavailable for 3 years after publication
=957  \\$a010205c
=968  \\$cBR
=CAT  \\$aCONV$b00$c20040502$lBLL01$h1059
=CAT  \\$aBATCH$b00$c20091118$lBLL01$h0011
=CAT  \\$aWR12-140$c20121030$lBLL01$h1102
=FIN  \\$aY
=LEO  \\$aMP25SBR.0000000111
=SRC  \\$aSTI01$bbibmp25r.200404.2.aa
=STA  \\$aSUPPRESSED$bBusiness Reserve: STM
=LAS  \\$aWR12-140$b00$c20121030$lBLL01$h1102

