=LDR  01161 am a2200397ua 4500
=001  005398568
=003  Uk
=005  20121030110200.0
=008  011106s2001\\\\enk\\\\||\\\\|00|\||eng\\
=FMT  \\$a  BK
=015  \\$aGBA113177$2bnb
=019  0\$as664803008
=020  \\$c(spiral)
=040  \\$aUk$cUk
=082  04$a338.476630941$221
=084  \\$aDE 04$2blsrissc
=245  00$aUK drink market.
=260  \\$aLondon :$bMintel International Group,$c2001.
=300  \\$aii, 155 p. :$bill. ;$c30 cm.
=336  \\$atext$2rdacontent
=337  \\$aunmediated$2rdamedia
=338  \\$avolume$2rdacarrier
=490  0\$aMintel special report
=650  \0$aBeverages$zGreat Britain.
=650  \0$aMarket surveys$zGreat Britain.
=852  71$aBritish Library$bSTI$cRES$k(XB)$hDE 04$2blsrissc
=957  \\$a010213c
=968  \\$cBR
=CAT  \\$aCONV$b00$c20040502$lBLL01$h1059
=CAT  \\$aBATCH$b00$c20091118$lBLL01$h0011
=CAT  \\$aWR12-140$c20121030$lBLL01$h1102
=FIN  \\$aY
=LEO  \\$aMP25SBR.0000000118
=SRC  \\$aSTI01$bbibmp25r.200404.2.aa
=STA  \\$aSUPPRESSED$bBusiness Reserve: STM
=LAS  \\$aWR12-140$b00$c20121030$lBLL01$h1102

