=LDR  01270 am a2200421ua 4500
=001  005398574
=003  Uk
=005  20121030110200.0
=008  040406s2001\\\\enk\\\\||\\\\|00|\||eng\\
=FMT  \\$a  BK
=015  \\$aGBA115917$2bnb
=019  0\$as665107005
=020  \\$c(spiral)
=040  \\$aUk$cUk
=082  04$a338.473914130941$221
=245  00$aFootwear retailing.
=260  \\$aLondon :$bMintel International Group,$c[2001]
=300  \\$a112 p. ;$c30 cm.
=336  \\$atext$2rdacontent
=337  \\$aunmediated$2rdamedia
=338  \\$avolume$2rdacarrier
=490  0\$aMintel retail intelligence
=650  \0$aMarket surveys$zGreat Britain.
=650  \0$aRetail trade$zGreat Britain.
=650  \0$aFootwear$zGreat Britain.
=710  2\$aMintel International Group Ltd.
=852  71$aBritish Library$bSTI$cRES$k(XB)$hMR 00$2blsrissc
=957  \\$a010227c
=968  \\$cBR
=CAT  \\$aCONV$b00$c20040502$lBLL01$h1059
=CAT  \\$aUE-01$b00$c20050929$lBLL01$h1354
=CAT  \\$aBATCH$b00$c20091118$lBLL01$h0011
=CAT  \\$aWR12-140$c20121030$lBLL01$h1102
=FIN  \\$aY
=LEO  \\$aMP25SBR.0000000124
=SRC  \\$aSTI01$bbibmp25r.200404.2.aa
=STA  \\$aSUPPRESSED$bBusiness Reserve: STM
=LAS  \\$aWR12-140$b00$c20121030$lBLL01$h1102

