=LDR  01355 am a2200433ua 4500
=001  005398580
=003  Uk
=005  20121030110200.0
=008  011106s2000\\\\enk\\\\||\\\\|00|\||eng\\
=FMT  \\$a  BK
=015  \\$aGBA121680$2bnb
=019  0\$as665865007
=020  \\$c(spiral)
=040  \\$aUk$cUk
=082  04$a332.024094$221
=084  \\$aAL 642$2blsrissc
=245  00$aEuropean opportunities and threats in financial services.
=260  \\$aLondon :$bMintel International Group,$cc2000.
=300  \\$a88, [52] p. ;$c30 cm.
=336  \\$atext$2rdacontent
=337  \\$aunmediated$2rdamedia
=338  \\$avolume$2rdacarrier
=490  0\$aMintel special report
=650  \0$aMarket surveys$zGreat Britain.
=650  \0$aFinancial services industry$zEurope$vStatistics.
=650  \0$aMarket surveys$zEurope.
=710  2\$aMintel International Group Ltd.
=852  71$aBritish Library$bSTI$cRES$k(XB)$hAL 642$2blsrissc
=957  \\$a010320c
=968  \\$cBR
=CAT  \\$aCONV$b00$c20040502$lBLL01$h1059
=CAT  \\$aUE-01$b00$c20050929$lBLL01$h1354
=CAT  \\$aBATCH$b00$c20091118$lBLL01$h0011
=CAT  \\$aWR12-140$c20121030$lBLL01$h1102
=FIN  \\$aY
=LEO  \\$aMP25SBR.0000000130
=SRC  \\$aSTI01$bbibmp25r.200404.2.aa
=STA  \\$aSUPPRESSED$bBusiness Reserve: STM
=LAS  \\$aWR12-140$b00$c20121030$lBLL01$h1102

