=LDR  01505 am a2200469ua 4500
=001  005398581
=003  Uk
=005  20121030110200.0
=008  021008s2001\\\\enk\\\\||\\\\|00|\||eng\\
=FMT  \\$a  BK
=015  \\$aGBA123216$2bnb
=019  0\$as666027005
=020  \\$c(spiral)
=040  \\$aUk$cUk
=082  04$a380.14533202406$221
=084  \\$aAL 96$2blsrissc
=245  00$aPromotional strategies in financial services.
=246  3\$aMintel 2001 finance March
=260  \\$aLondon :$bMintel International Group,$c[2001]
=300  \\$a91, [52] p. :$bill. ;$c30 cm.
=336  \\$atext$2rdacontent
=337  \\$aunmediated$2rdamedia
=338  \\$avolume$2rdacarrier
=490  0\$aMintel publications. Financial intelligence
=500  \\$aIncludes index.
=500  \\$aSpine title: Mintel 2001 finance March.
=650  \0$aFinancial services industry$zGreat Britain.
=650  \0$aMarket surveys$zGreat Britain.
=650  \0$aAdvertising$zGreat Britain.
=710  2\$aMintel International Group Ltd.
=852  71$aBritish Library$bSTI$cRES$k(XB)$hAL 96$2blsrissc
=957  \\$a010404c
=968  \\$cBR
=CAT  \\$aCONV$b00$c20040502$lBLL01$h1059
=CAT  \\$aUE-01$b00$c20050929$lBLL01$h1354
=CAT  \\$aBATCH$b00$c20091118$lBLL01$h0011
=CAT  \\$aWR12-140$c20121030$lBLL01$h1102
=FIN  \\$aY
=LEO  \\$aMP25SBR.0000000131
=SRC  \\$aSTI01$bbibmp25r.200404.2.aa
=STA  \\$aSUPPRESSED$bBusiness Reserve: STM
=LAS  \\$aWR12-140$b00$c20121030$lBLL01$h1102

