=LDR  01368 am a2200445ua 4500
=001  005398584
=003  Uk
=005  20121030110200.0
=008  021008s2001\\\\enk\\\\||\\\\|00|\||eng\\
=FMT  \\$a  BK
=015  \\$aGBA123791$2bnb
=019  0\$as666035008
=020  \\$c(spiral)
=040  \\$aUk$cUk
=082  04$a381.102854678$221
=084  \\$aML 04$2blsrissc
=245  00$aClothing etailing.
=260  \\$aLondon :$bMintel International Group,$c[2001]
=300  \\$a1 v. (various pagings) ;$c30 cm.
=336  \\$atext$2rdacontent
=337  \\$aunmediated$2rdamedia
=338  \\$avolume$2rdacarrier
=490  0\$aMintel Internet series
=650  \0$aClothing trade$zGreat Britain.
=650  \0$aTeleshopping$zGreat Britain.
=650  \0$aElectronic commerce$zGreat Britain.
=650  \0$aMarket surveys$zGreat Britain.
=710  2\$aMintel International Group Ltd.
=852  71$aBritish Library$bSTI$cRES$k(XB)$hML 04$2blsrissc
=957  \\$a010405c
=968  \\$cBR
=CAT  \\$aCONV$b00$c20040502$lBLL01$h1059
=CAT  \\$aUE-01$b00$c20050929$lBLL01$h1355
=CAT  \\$aBATCH$b00$c20091118$lBLL01$h0011
=CAT  \\$aWR12-140$c20121030$lBLL01$h1102
=FIN  \\$aY
=LEO  \\$aMP25SBR.0000000134
=SRC  \\$aSTI01$bbibmp25r.200404.2.aa
=STA  \\$aSUPPRESSED$bBusiness Reserve: STM
=LAS  \\$aWR12-140$b00$c20121030$lBLL01$h1102

