=LDR  01183 am a2200409ua 4500
=001  005398590
=003  Uk
=005  20121030110200.0
=008  011009s2001\\\\enk\\\\||\\\\|00|\||eng\\
=FMT  \\$a  BK
=015  \\$aGBA127278$2bnb
=019  0\$as666508003
=020  \\$c(spiral)
=040  \\$aUk$cUk
=082  04$a381.45072915$221
=084  \\$aAB 63$2blsrissc
=245  00$aNewspapers.
=260  \\$aLondon :$bMintel,$c2001.
=300  \\$a48, [8] p. ;$c30 cm.
=336  \\$atext$2rdacontent
=337  \\$aunmediated$2rdamedia
=338  \\$avolume$2rdacarrier
=490  0\$aMintel Irish series
=650  \0$aIrish newspapers$xCirculation.
=650  \0$aIrish newspapers$xCirculation$vStatistics.
=650  \0$aMarket surveys$zIreland.
=852  71$aBritish Library$bSTI$cRES$k(XB)$hAB 63$2blsrissc
=957  \\$a010427c
=968  \\$cBR
=CAT  \\$aCONV$b00$c20040502$lBLL01$h1059
=CAT  \\$aBATCH$b00$c20091118$lBLL01$h0011
=CAT  \\$aWR12-140$c20121030$lBLL01$h1102
=FIN  \\$aY
=LEO  \\$aMP25SBR.0000000140
=SRC  \\$aSTI01$bbibmp25r.200404.2.aa
=STA  \\$aSUPPRESSED$bBusiness Reserve: STM
=LAS  \\$aWR12-140$b00$c20121030$lBLL01$h1102

