=LDR  01408 am a2200457ua 4500
=001  005398595
=003  Uk
=005  20121030110200.0
=008  011106s2001\\\\enk\\\\||\\\\|00|\||eng\\
=FMT  \\$a  BK
=015  \\$aGBA131543$2bnb
=019  0\$as667054006
=020  \\$c(spiral)
=040  \\$aUk$cUk
=082  04$a338.47796540941$221
=084  \\$aAK 50$2blsrissc
=245  00$aCamping and caravanning.
=246  3\$a2001 leisure May
=260  \\$aLondon :$bMintel International Group,$cc2001.
=300  \\$a43, [50] p. :$bill. ;$c30 cm.
=336  \\$atext$2rdacontent
=337  \\$aunmediated$2rdamedia
=338  \\$avolume$2rdacarrier
=490  0\$aMintel. Leisure intelligence
=500  \\$aIncludes index.
=500  \\$aSpine title: 2001 leisure May.
=650  \0$aMarket surveys$zGreat Britain.
=650  \0$aCamp sites, facilities, etc.$zGreat Britain.
=710  2\$aMintel International Group Ltd.
=852  71$aBritish Library$bSTI$cRES$k(XB)$hAK 50$2blsrissc
=957  \\$a010521c
=968  \\$cBR
=CAT  \\$aCONV$b00$c20040502$lBLL01$h1059
=CAT  \\$aUE-01$b00$c20050929$lBLL01$h1356
=CAT  \\$aBATCH$b00$c20091118$lBLL01$h0011
=CAT  \\$aWR12-140$c20121030$lBLL01$h1102
=FIN  \\$aY
=LEO  \\$aMP25SBR.0000000145
=SRC  \\$aSTI01$bbibmp25r.200404.2.aa
=STA  \\$aSUPPRESSED$bBusiness Reserve: STM
=LAS  \\$aWR12-140$b00$c20121030$lBLL01$h1102

