=LDR  01372 am a2200445ua 4500
=001  005398596
=003  Uk
=005  20121030110200.0
=008  011009s2001\\\\enk\\\\||s\\\|00|\||eng\\
=FMT  \\$a  BK
=015  \\$aGBA132651$2bnb
=019  0\$as667075003
=020  \\$c(spiral)
=040  \\$aUk$cUk
=082  04$a338.43629222$221
=084  \\$aVJ 152$2blsrissc
=245  00$aCar finance.
=246  3\$a2001 finance May
=260  \\$aLondon :$bMintel International Group,$c2001.
=300  \\$a53 p. :$bill. ;$c30 cm.
=336  \\$atext$2rdacontent
=337  \\$aunmediated$2rdamedia
=338  \\$avolume$2rdacarrier
=490  0\$aMintel. Financial intelligence
=500  \\$aSpine title: 2001 finance May.
=650  \0$aMarket surveys$zGreat Britain.
=650  \0$aAutomobile industry and trade$zGreat Britain$xFinance.
=710  2\$aMintel International Group Ltd.
=852  71$aBritish Library$bSTI$k(B)$hVJ 152$mBusiness$2blsrissc
=957  \\$a010529c
=968  \\$cBR
=CAT  \\$aCONV$b00$c20040502$lBLL01$h1059
=CAT  \\$aUE-01$b00$c20050929$lBLL01$h1358
=CAT  \\$aBATCH$b00$c20091118$lBLL01$h0011
=CAT  \\$aWR12-140$c20121030$lBLL01$h1102
=FIN  \\$aY
=LEO  \\$aMP25SBR.0000000146
=SRC  \\$aSTI01$bbibmp25r.200404.2.aa
=STA  \\$aSUPPRESSED$bBusiness Reserve: STM
=LAS  \\$aWR12-140$b00$c20121030$lBLL01$h1102

