=LDR  01411 am a2200457ua 4500
=001  005398598
=003  Uk
=005  20121030110200.0
=008  011009s2001\\\\enk\\\\||\\\\|00|\||eng\\
=FMT  \\$a  BK
=015  \\$aGBA132702$2bnb
=019  0\$as667077006
=020  \\$c(spiral)
=040  \\$aUk$cUk
=082  04$a338.476870820941$221
=084  \\$aMQ 77$2blsrissc
=084  \\$aML 04$2blsrissc
=245  00$aWomenswear mainstream retailing.
=246  3\$a2001 retail May
=260  \\$aLondon :$bMintel International Group,$c[2001]
=300  \\$a168 p. :$bill. ;$c30 cm.
=336  \\$atext$2rdacontent
=337  \\$aunmediated$2rdamedia
=338  \\$avolume$2rdacarrier
=490  0\$aMintel retail intelligence
=500  \\$aSpine title: 2001 retail May.
=650  \0$aWomen's clothing industry$zGreat Britain.
=650  \0$aRetail trade surveys$zGreat Britain.
=710  2\$aMintel International Group Ltd.
=852  71$aBritish Library$bSTI$cRES$k(XB)$hMQ 77$2blsrissc
=957  \\$a010529c
=968  \\$cBR
=CAT  \\$aCONV$b00$c20040502$lBLL01$h1059
=CAT  \\$aUE-01$b00$c20050929$lBLL01$h1358
=CAT  \\$aBATCH$b00$c20091118$lBLL01$h0011
=CAT  \\$aWR12-140$c20121030$lBLL01$h1102
=FIN  \\$aY
=LEO  \\$aMP25SBR.0000000148
=SRC  \\$aSTI01$bbibmp25r.200404.2.aa
=STA  \\$aSUPPRESSED$bBusiness Reserve: STM
=LAS  \\$aWR12-140$b00$c20121030$lBLL01$h1102

