=LDR  01290 am a2200421ua 4500
=001  005398600
=003  Uk
=005  20121030110200.0
=008  020115s2001\\\\enk\\\\||\\\\|00|\||eng\\
=FMT  \\$a  BK
=015  \\$aGBA133647$2bnb
=019  0\$as667212000
=020  \\$c(spiral)
=040  \\$aUk$cUk
=082  04$a305.240941$221
=084  \\$aAL 96$2blsrissc
=245  00$aSelling to, and profiting from, the 25-44s.
=260  \\$aLondon :$bMintel International Group,$c2001.
=300  \\$ai, 133 p., [47] p. :$bill. ;$c30 cm.
=336  \\$atext$2rdacontent
=337  \\$aunmediated$2rdamedia
=338  \\$avolume$2rdacarrier
=490  0\$aMintel special report
=650  \0$aMarket surveys$zGreat Britain.
=650  \0$aConsumers$zGreat Britain.
=710  2\$aMintel International Group Ltd.
=852  71$aBritish Library$bSTI$cRES$k(XB)$hAL 96$2blsrissc
=957  \\$a010601c
=968  \\$cBR
=CAT  \\$aCONV$b00$c20040502$lBLL01$h1059
=CAT  \\$aUE-01$b00$c20050929$lBLL01$h1358
=CAT  \\$aBATCH$b00$c20091118$lBLL01$h0011
=CAT  \\$aWR12-140$c20121030$lBLL01$h1102
=FIN  \\$aY
=LEO  \\$aMP25SBR.0000000150
=SRC  \\$aSTI01$bbibmp25r.200404.2.aa
=STA  \\$aSUPPRESSED$bBusiness Reserve: STM
=LAS  \\$aWR12-140$b00$c20121030$lBLL01$h1102

