=LDR  01274 am a2200421ua 4500
=001  005398603
=003  Uk
=005  20121030110200.0
=008  011009s2001\\\\enk\\\\||\\\\|00|\||eng\\
=FMT  \\$a  BK
=015  \\$aGBA135550$2bnb
=019  0\$as667532005
=020  \\$c(spiral)
=040  \\$aUk$cUk
=082  04$a004.09415$221
=084  \\$aPM 591$2blsrissc
=245  00$aHome PC market in Ireland.
=260  \\$aLondon :$bMintel International Group Ltd,$c[2001]
=300  \\$a1 v. (various pagings) :$bill. ;$c30 cm.
=336  \\$atext$2rdacontent
=337  \\$aunmediated$2rdamedia
=338  \\$avolume$2rdacarrier
=490  0\$aMintel Irish series
=650  \0$aMarket surveys$zIreland.
=650  \0$aMicrocomputers$zIreland.
=710  2\$aMintel International Group Ltd.
=852  71$aBritish Library$bSTI$cRES$k(XB)$hPM 591$2blsrissc
=957  \\$a010612c
=968  \\$cBR
=CAT  \\$aCONV$b00$c20040502$lBLL01$h1059
=CAT  \\$aUE-01$b00$c20050929$lBLL01$h1358
=CAT  \\$aBATCH$b00$c20091118$lBLL01$h0011
=CAT  \\$aWR12-140$c20121030$lBLL01$h1102
=FIN  \\$aY
=LEO  \\$aMP25SBR.0000000153
=SRC  \\$aSTI01$bbibmp25r.200404.2.aa
=STA  \\$aSUPPRESSED$bBusiness Reserve: STM
=LAS  \\$aWR12-140$b00$c20121030$lBLL01$h1102

