=LDR  01541 am a2200493ua 4500
=001  005398607
=003  Uk
=005  20121030110200.0
=008  011106s2001\\\\enk\\\\||\\\\|00|\||eng\\
=FMT  \\$a  BK
=015  \\$aGBA136258$2bnb
=019  0\$as667538003
=020  \\$c(spiral)
=040  \\$aUk$cUk
=082  04$a338.47$221
=084  \\$aAL 93$2blsrissc
=245  00$aEssentials : May 2001 :$bbooks, china & earthenware, deodorants and bodysprays, plasticware, vitamin and mineral supplements.
=260  \\$aLondon :$bMintel International Group,$c2001.
=300  \\$a1 v. (various pagings) ;$c30 cm.
=336  \\$atext$2rdacontent
=337  \\$aunmediated$2rdamedia
=338  \\$avolume$2rdacarrier
=490  0\$aMintel market intelligence
=650  \0$aMarket surveys.
=650  \0$aBooks.
=650  \0$aPorcelain.
=650  \0$aPottery.
=650  \0$aDeodorants.
=650  \0$aPlastic containers.
=650  \0$aVitamins in human nutrition.
=650  \0$aMinerals in human nutrition.
=710  2\$aMintel International Group Ltd.
=852  71$aBritish Library$bSTI$cRES$k(XB)$hAL 93$2blsrissc
=957  \\$a010612c
=968  \\$cBR
=CAT  \\$aCONV$b00$c20040502$lBLL01$h1059
=CAT  \\$aUE-01$b00$c20050929$lBLL01$h1358
=CAT  \\$aBATCH$b00$c20091118$lBLL01$h0011
=CAT  \\$aWR12-140$c20121030$lBLL01$h1102
=FIN  \\$aY
=LEO  \\$aMP25SBR.0000000157
=SRC  \\$aSTI01$bbibmp25r.200404.2.aa
=STA  \\$aSUPPRESSED$bBusiness Reserve: STM
=LAS  \\$aWR12-140$b00$c20121030$lBLL01$h1102

