=LDR  01586 am a2200457ua 4500
=001  005398608
=003  Uk
=005  20121030110200.0
=008  011009s2001\\\\enk\\\\||s\\\|00|\||eng\\
=FMT  \\$a  BK
=015  \\$aGBA135429$2bnb
=019  0\$as66753900x
=020  \\$c(spiral)
=040  \\$aUk$cUk
=082  04$a338.476410941$221
=084  \\$aHP 172$2blsrissc
=245  00$aFood & drink - May 2001 :$bChinese foods, crisps and snacks, fresh fruit and vegetables, Italian foods, multipack chocolate confectionery.
=260  \\$aLondon :$bMintel International Group,$c2001.
=300  \\$a1 v. (various pagings) ;$c30 cm.
=336  \\$atext$2rdacontent
=337  \\$aunmediated$2rdamedia
=338  \\$avolume$2rdacarrier
=490  0\$aMintel. Market intelligence
=650  \0$aMarket surveys$zGreat Britain.
=650  \0$aConsumer behavior$zGreat Britain.
=650  \0$aConsumer behavior$zGreat Britain$vStatistics.
=650  \0$aFood industry and trade$zGreat Britain.
=650  \0$aFood industry and trade$zGreat Britain$vStatistics.
=710  2\$aMintel International Group Ltd.
=852  71$aBritish Library$bSTI$cRES$k(XB)$hHP 172$2blsrissc
=957  \\$a010611c
=968  \\$cBR
=CAT  \\$aCONV$b00$c20040502$lBLL01$h1059
=CAT  \\$aUE-01$b00$c20050929$lBLL01$h1358
=CAT  \\$aBATCH$b00$c20091118$lBLL01$h0011
=CAT  \\$aWR12-140$c20121030$lBLL01$h1102
=FIN  \\$aY
=LEO  \\$aMP25SBR.0000000158
=SRC  \\$aSTI01$bbibmp25r.200404.2.aa
=STA  \\$aSUPPRESSED$bBusiness Reserve: STM
=LAS  \\$aWR12-140$b00$c20121030$lBLL01$h1102

