=LDR  01466 am a2200469ua 4500
=001  005398613
=003  Uk
=005  20121030110200.0
=008  011009s2001\\\\enk\\\\||\\\\|00|\||eng\\
=FMT  \\$a  BK
=015  \\$aGBA136905$2bnb
=019  0\$as667703004
=020  \\$c(spiral)
=040  \\$aUk$cUk
=082  04$a338.476640941$221
=084  \\$aHP 172$2blsrissc
=245  00$aOwn-label food & drink.
=246  3\$a2001 own-label food & drink
=260  \\$aLondon :$bMintel International Group,$c2001.
=300  \\$a211 p. ;$c30 cm.
=336  \\$atext$2rdacontent
=337  \\$aunmediated$2rdamedia
=338  \\$avolume$2rdacarrier
=490  0\$aMintel special report
=500  \\$aSpine title: 2001 own-label food & drink.
=650  \0$aMarket surveys$zGreat Britain.
=650  \0$aHouse brands$zGreat Britain.
=650  \0$aFood industry and trade$zGreat Britain.
=650  \0$aBeverage industry$zGreat Britain.
=710  2\$aMintel International Group Ltd.
=852  71$aBritish Library$bSTI$cRES$k(XB)$hHP 172$2blsrissc
=957  \\$a010606c
=968  \\$cBR
=CAT  \\$aCONV$b00$c20040502$lBLL01$h1059
=CAT  \\$aUE-01$b00$c20050929$lBLL01$h1359
=CAT  \\$aBATCH$b00$c20091118$lBLL01$h0011
=CAT  \\$aWR12-140$c20121030$lBLL01$h1102
=FIN  \\$aY
=LEO  \\$aMP25SBR.0000000163
=SRC  \\$aSTI01$bbibmp25r.200404.2.aa
=STA  \\$aSUPPRESSED$bBusiness Reserve: STM
=LAS  \\$aWR12-140$b00$c20121030$lBLL01$h1102

