=LDR  01217 am a2200409ua 4500
=001  005398614
=003  Uk
=005  20121030110200.0
=008  011009s2001\\\\enk\\\\||\\\\|00|\||eng\\
=FMT  \\$a  BK
=015  \\$aGBA137467$2bnb
=019  0\$as667798005
=020  \\$c(spiral)
=040  \\$aUk$cUk
=082  04$a381.1480941$221
=084  \\$aAL 931$2blsrissc
=245  00$aVerdict on non-food in grocers 2001.
=260  \\$aLondon :$bVerdict Research,$cc2001.
=300  \\$aviii, 196 leaves :$bill. ;$c30 cm.
=336  \\$atext$2rdacontent
=337  \\$aunmediated$2rdamedia
=338  \\$avolume$2rdacarrier
=500  \\$aCover title.
=650  \0$aSupermarkets$zGreat Britain.
=650  \0$aMarket surveys$zGreat Britain.
=650  \0$aRetail trade$zGreat Britain.
=852  71$aBritish Library$bSTI$cRES$k(XB)$hAL 931$2blsrissc
=957  \\$a010619c
=968  \\$cBR
=CAT  \\$aCONV$b00$c20040502$lBLL01$h1059
=CAT  \\$aBATCH$b00$c20091118$lBLL01$h0011
=CAT  \\$aWR12-140$c20121030$lBLL01$h1102
=FIN  \\$aY
=LEO  \\$aMP25SBR.0000000164
=SRC  \\$aSTI01$bbibmp25r.200404.2.aa
=STA  \\$aSUPPRESSED$bBusiness Reserve: STM
=LAS  \\$aWR12-140$b00$c20121030$lBLL01$h1102

