=LDR  01273 am a2200409ua 4500
=001  005398618
=003  Uk
=005  20121030110200.0
=008  011106s2001\\\\enk\\\\||\\\\|00|\||eng\\
=FMT  \\$a  BK
=015  \\$aGBA138681$2bnb
=019  0\$as667976000
=020  \\$c(spiral)
=040  \\$aUk$cUk
=082  04$a381.10941$221
=084  \\$aAL 93$2blsrissc
=245  00$aStrategic issues_ retail demographics 2001.
=260  \\$aLondon :$bVerdict Research,$c[2001]
=300  \\$ax, 372 p. :$bill. ;$c21 x 30 cm.
=336  \\$atext$2rdacontent
=337  \\$aunmediated$2rdamedia
=338  \\$avolume$2rdacarrier
=650  \0$aRetail trade surveys.
=650  \0$aConsumers$zGreat Britain.
=710  2\$aVerdict Research
=852  71$aBritish Library$bSTI$cRES$k(B)$hAL 93$mBusiness Reserve$2blsrissc$3Unavailable for 2 years after publication
=957  \\$a010627c
=968  \\$cBR
=CAT  \\$aCONV$b00$c20040502$lBLL01$h1059
=CAT  \\$a5100$b40$c20040611$lBLL01$h1154
=CAT  \\$aBATCH$b00$c20091118$lBLL01$h0011
=CAT  \\$aWR12-140$c20121030$lBLL01$h1102
=FIN  \\$aY
=LEO  \\$aMP25SBR.0000000168
=SRC  \\$aSTI01$bbibmp25r.200404.2.aa
=STA  \\$aSUPPRESSED$bBusiness Reserve: STM
=LAS  \\$aWR12-140$b00$c20121030$lBLL01$h1102

