=LDR  01338 am a2200433ua 4500
=001  005398622
=003  Uk
=005  20121030110200.0
=008  011106s2001\\\\enk\\\\||\\\\|00|\||eng\\
=FMT  \\$a  BK
=015  \\$aGBA138672$2bnb
=019  0\$as667981004
=020  \\$c(spiral)
=040  \\$aUk$cUk
=082  04$a381.4564360941$221
=084  \\$aAL 934$2blsrissc
=245  00$aVerdict on_ electrical retailers 2001.
=260  \\$aLondon :$bVerdict Research Limited,$c[c2001]
=300  \\$aviii, 164 leaves :$bill. ;$c30 cm.
=336  \\$atext$2rdacontent
=337  \\$aunmediated$2rdamedia
=338  \\$avolume$2rdacarrier
=500  \\$aCover title.
=650  \0$aMarket surveys$zGreat Britain.
=650  \0$aRetail trade$zGreat Britain.
=650  \0$aElectric household appliances industry$zGreat Britain.
=710  2\$aVerdict Research
=852  71$aBritish Library$bSTI$cRES$k(XB)$hAL 934$2blsrissc
=957  \\$a010216c
=968  \\$cBR
=CAT  \\$aCONV$b00$c20040502$lBLL01$h1059
=CAT  \\$a5100$b40$c20040611$lBLL01$h1154
=CAT  \\$aBATCH$b00$c20091118$lBLL01$h0011
=CAT  \\$aWR12-140$c20121030$lBLL01$h1102
=FIN  \\$aY
=LEO  \\$aMP25SBR.0000000172
=SRC  \\$aSTI01$bbibmp25r.200404.2.aa
=STA  \\$aSUPPRESSED$bBusiness Reserve: STM
=LAS  \\$aWR12-140$b00$c20121030$lBLL01$h1102

