=LDR  01278 am a2200421ua 4500
=001  005398632
=003  Uk
=005  20121030110200.0
=008  011106s2001\\\\enk\\\\||\\\\|00|\||eng\\
=FMT  \\$a  BK
=015  \\$aGBA140239$2bnb
=019  0\$as66818700x
=020  \\$c(spiral)
=040  \\$aUk$cUk
=082  04$a338.476870810941$221
=084  \\$aAL 934$2blsrissc
=245  00$aVerdict on menswear retailers 2001.
=260  \\$aLondon :$bVerdict Research Ltd,$c[c2001]
=300  \\$axii, 208 leaves :$bill. ;$c30 cm.
=336  \\$atext$2rdacontent
=337  \\$aunmediated$2rdamedia
=338  \\$avolume$2rdacarrier
=500  \\$aCover title.
=650  \0$aRetail trade surveys$zGreat Britain.
=650  \0$aMen's clothing industry$zGreat Britain.
=710  2\$aVerdict Research
=852  71$aBritish Library$bSTI$cRES$k(XB)$hAL 934$2blsrissc
=957  \\$a010704c
=968  \\$cBR
=CAT  \\$aCONV$b00$c20040502$lBLL01$h1059
=CAT  \\$a5100$b40$c20040611$lBLL01$h1154
=CAT  \\$aBATCH$b00$c20091118$lBLL01$h0011
=CAT  \\$aWR12-140$c20121030$lBLL01$h1102
=FIN  \\$aY
=LEO  \\$aMP25SBR.0000000182
=SRC  \\$aSTI01$bbibmp25r.200404.2.aa
=STA  \\$aSUPPRESSED$bBusiness Reserve: STM
=LAS  \\$aWR12-140$b00$c20121030$lBLL01$h1102

