=LDR  01284 am a2200433ua 4500
=001  005398634
=003  Uk
=005  20121030110200.0
=008  011106s2001\\\\enk\\\\||\\\\|00|\||eng\\
=FMT  \\$a  BK
=015  \\$aGBA140407$2bnb
=019  0\$as668206004
=020  \\$c(spiral)
=040  \\$aUk$cUk
=082  04$a381.10941$221
=084  \\$aAL 93$2blsrissc
=245  00$aRetail review.
=260  \\$aLondon :$bMintel International,$c2001.
=300  \\$ai, 203 p. ;$c30 cm.
=336  \\$atext$2rdacontent
=337  \\$aunmediated$2rdamedia
=338  \\$avolume$2rdacarrier
=490  0\$aMintel special report
=500  \\$aIncludes index.
=650  \0$aMarket surveys$zGreat Britain.
=650  \0$aRetail trade$zGreat Britain$vStatistics.
=710  2\$aMintel International Group Ltd.
=852  71$aBritish Library$bSTI$cRES$k(XB)$hAL 93$2blsrissc
=957  \\$a010704c
=968  \\$cBR
=CAT  \\$aCONV$b00$c20040502$lBLL01$h1059
=CAT  \\$aUE-01$b00$c20050929$lBLL01$h1359
=CAT  \\$aBATCH$b00$c20091118$lBLL01$h0011
=CAT  \\$aWR12-140$c20121030$lBLL01$h1102
=FIN  \\$aY
=LEO  \\$aMP25SBR.0000000184
=SRC  \\$aSTI01$bbibmp25r.200404.2.aa
=STA  \\$aSUPPRESSED$bBusiness Reserve: STM
=LAS  \\$aWR12-140$b00$c20121030$lBLL01$h1102

