=LDR  01588 am a2200481ua 4500
=001  005398641
=003  Uk
=005  20190307120129.0
=008  011106s2001\\\\enk\\\\||\\\\|00|\||eng\\
=FMT  \\$a  BK
=015  \\$aGBA142456$2bnb
=019  0\$as668535008
=020  \\$c(spiral)
=040  \\$aUk$cUk
=082  04$a381.453840941$221
=084  \\$aAL 934$2blsrissc
=245  00$aVerdict on... how Britain shops for music & video 2001.
=260  \\$aLondon :$bVerdict,$cc2001.
=300  \\$aiii, 80 leaves :$bcol. ill. ;$c30 cm.
=336  \\$atext$2rdacontent
=337  \\$aunmediated$2rdamedia
=338  \\$avolume$2rdacarrier
=490  1\$aHow Britain shops 2001
=500  \\$aCover title. _ Running title: Verdict on how Britain shops for music & video 2001.
=650  \0$aRetail trade surveys$zGreat Britain.
=650  \0$aSound recording industry$zGreat Britain.
=650  \0$aVideo recordings industry$zGreat Britain.
=710  2\$aVerdict Research.
=830  \0$aHow Britain shops 2001
=852  71$aBritish Library$bSTI$cRES$k(XB)$hAL 934$2blsrissc
=957  \\$a010717c
=968  \\$cBR
=CAT  \\$aCONV$b00$c20040502$lBLL01$h1059
=CAT  \\$a5100$b40$c20040611$lBLL01$h1154
=CAT  \\$aBATCH$b00$c20091118$lBLL01$h0011
=CAT  \\$aBATCH$b00$c20091216$lBLL01$h2208
=CAT  \\$aWR12-140$c20121030$lBLL01$h1102
=CAT  \\$a10932$b40$c20190307$lBLL01$h1201
=FIN  \\$aY
=LEO  \\$aMP25SBR.0000000191
=SRC  \\$aSTI01$bbibmp25r.200404.2.aa
=STA  \\$aSUPPRESSED$bBusiness Reserve: STM
=LAS  \\$a10932$b40$c20190307$lBLL01$h1201

