=LDR  01330 am a2200421ua 4500
=001  005398645
=003  Uk
=005  20121030110200.0
=008  011106s2001\\\\enk\\\\||\\\\|00|\||eng\\
=FMT  \\$a  BK
=015  \\$aGBA143664$2bnb
=019  0\$as668689005
=020  \\$a0863389317 (pbk.)
=040  \\$aUk$cUk
=082  04$a330.956$221
=084  \\$aAM 40(ASI)$2blsrissc
=245  00$aConsumer Middle East 2001.
=260  \\$aLondon :$bEuromonitor,$cc2001.
=300  \\$al, 556 p. :$bmaps ;$c30 cm.
=336  \\$atext$2rdacontent
=337  \\$aunmediated$2rdamedia
=338  \\$avolume$2rdacarrier
=650  \0$aMarket surveys$zMiddle East.
=650  \0$aRetail trade$zMiddle East.
=651  \0$aMiddle East$xEconomic conditions$y1979-.
=710  2\$aEuromonitor PLC.
=852  71$aBritish Library$bSTI$cRES$k(B)$hAM 40$m(ASI) Business Reserve$2blsrissc$3Unavailable for 3 years after publication
=957  \\$a010711c
=968  \\$cBR
=CAT  \\$aCONV$b00$c20040502$lBLL01$h1059
=CAT  \\$aUE-01$b00$c20050902$lBLL01$h1131
=CAT  \\$aBATCH$b00$c20091118$lBLL01$h0011
=CAT  \\$aWR12-140$c20121030$lBLL01$h1102
=FIN  \\$aY
=LEO  \\$aMP25SBR.0000000195
=SRC  \\$aSTI01$bbibmp25r.200404.2.aa
=STA  \\$aSUPPRESSED$bBusiness Reserve: STM
=LAS  \\$aWR12-140$b00$c20121030$lBLL01$h1102

