=LDR  01942 as a2200517ua 4500
=001  005398669
=003  Uk
=005  20110624122418.0
=008  011009c20019999enk|r\p|||s\\|0\\\||eng\\
=FMT  \\$a  SE
=015  \\$aGBA148411$2bnb
=019  0\$as670260002
=040  \\$aUk$cUk
=082  04$a381.10941$221
=084  \\$aAL 93$2blsrissc
=245  00$aStrategic issues_ retail demographics ...
=246  3\$aRetail demographics
=246  3\$aVerdict on strategic issues: retail demographics
=260  \\$aaLondon :$bVerdict Research,$c[2001]-
=300  \\$av. :$bill. ;$c21 x 30 cm.
=310  \\$aAnnual
=336  \\$atext$2rdacontent
=337  \\$aunmediated$2rdamedia
=338  \\$avolume$2rdacarrier
=362  0\$a2001-
=500  \\$aAlso entitled: Verdict on strategic issues: retail demographics.
=580  \\$aContinues: Retail demographics, previously catalogued separately.
=650  \0$aRetail trade surveys$vPeriodicals.
=650  \0$aConsumer behavior$zGreat Britain$vStatistics$vPeriodicals.
=710  2\$aVerdict Research
=740  0\$aRetail demographics.
=852  71$aBritish Library$bSTI$cRES$k(B)$hAL 93$mBusiness Reserve$2blsrissc$32001- ; 2001-***Unavailable for 3 years after publication
=957  \\$a010806c
=968  \\$cBR
=CAT  \\$aCONV$b00$c20040502$lBLL01$h1059
=CAT  \\$a5100$b40$c20040611$lBLL01$h1154
=CAT  \\$aBATCH$b00$c20091118$lBLL01$h0011
=CAT  \\$a6537$b40$c20110624$lBLL01$h1224
=CAT  \\$aWR12-140$c20121030$lBLL01$h1102
=FIN  \\$aY
=LEO  \\$aMP25SBR.0000000219
=SRC  \\$aSTI01$bbibmp25r.200404.2.aa
=SSD  \\$a25500{dollar}a2001-; 50300{dollar}aContinues: Retail demographics, previously catalogued separately; 74500{dollar}aRetail demographics; 74510{dollar}aRetail demographics; 74510{dollar}aVerdict on strategic issues: retail demographics
=STA  \\$aSUPPRESSED$bBusiness Reserve: STM
=TCO  \\$aCLA$bCLA$c008
=LAS  \\$aWR12-140$b00$c20121030$lBLL01$h1102

