=LDR  01492 am a2200457ua 4500
=001  005398671
=003  Uk
=005  20121030110200.0
=008  011009s2001\\\\enk\\\\||\\\\|00|\||eng\\
=FMT  \\$a  BK
=015  \\$aGBA149117$2bnb
=019  0\$as670353000
=020  \\$a1903079403 (spiral)
=040  \\$aUk$cUk
=082  04$a338.473811094$221
=084  \\$aAL 6401$2blsrissc
=245  00$aShopping centres in Europe.
=260  \\$aLondon :$bMintel,$c2001.
=300  \\$a500 p. :$bill., maps ;$c30 cm.
=336  \\$atext$2rdacontent
=337  \\$aunmediated$2rdamedia
=338  \\$avolume$2rdacarrier
=490  0\$aMintel retail intelligence
=650  \0$aRetail trade surveys$zEurope.
=650  \0$aRetail trade$xEconomic aspects$zEurope$vStatistics.
=650  \0$aRetail trade$xEconomic aspects$zEurope.
=710  2\$aHealey & Baker (Firm)
=710  2\$aInternational Council of Shopping Centers.
=710  2\$aMintel International Group Ltd.
=852  71$aBritish Library$bSTI$cRES$k(XB)$hAL 6401$2blsrissc$3Unavailable for 3 years after publication
=957  \\$a010820c
=968  \\$cBR
=CAT  \\$aCONV$b00$c20040502$lBLL01$h1059
=CAT  \\$aUE-01$b00$c20050929$lBLL01$h1400
=CAT  \\$aBATCH$b00$c20091118$lBLL01$h0011
=CAT  \\$aWR12-140$c20121030$lBLL01$h1102
=FIN  \\$aY
=LEO  \\$aMP25SBR.0000000221
=SRC  \\$aSTI01$bbibmp25r.200404.2.aa
=STA  \\$aSUPPRESSED$bBusiness Reserve: STM
=LAS  \\$aWR12-140$b00$c20121030$lBLL01$h1102

