=LDR  01405 am a2200457ua 4500
=001  005398676
=003  Uk
=005  20121030110200.0
=008  011009s2001\\\\enk\\\\||\\\\|00|\||eng\\
=FMT  \\$a  BK
=015  \\$aGBA149271$2bnb
=019  0\$as670483001
=020  \\$c(spiral)
=040  \\$aUk$cUk
=082  04$a338.479141$221
=084  \\$aAK 50$2blsrissc
=245  00$aDirectly booked holidays.
=246  3\$a2001 leisure August
=260  \\$aLondon :$bMintel International Group,$c2001.
=300  \\$a48 p. ;$c30 cm.
=336  \\$atext$2rdacontent
=337  \\$aunmediated$2rdamedia
=338  \\$avolume$2rdacarrier
=490  0\$aMintel leisure intelligence
=500  \\$aSpine title: 2001 leisure August.
=650  \0$aMarket surveys$zGreat Britain.
=650  \0$aPackage tours$zGreat Britain.
=650  \0$aPackage tours$zGreat Britain$vStatistics.
=710  2\$aMintel International Group Ltd.
=852  71$aBritish Library$bSTI$cRES$k(XB)$hAK 50$2blsrissc
=957  \\$a010817c
=968  \\$cBR
=CAT  \\$aCONV$b00$c20040502$lBLL01$h1059
=CAT  \\$aUE-01$b00$c20050929$lBLL01$h1401
=CAT  \\$aBATCH$b00$c20091118$lBLL01$h0011
=CAT  \\$aWR12-140$c20121030$lBLL01$h1102
=FIN  \\$aY
=LEO  \\$aMP25SBR.0000000226
=SRC  \\$aSTI01$bbibmp25r.200404.2.aa
=STA  \\$aSUPPRESSED$bBusiness Reserve: STM
=LAS  \\$aWR12-140$b00$c20121030$lBLL01$h1102

