=LDR  01472 am a2200469ua 4500
=001  005398698
=003  Uk
=005  20121030110200.0
=008  011106s2001\\\\enk\\\\||\\\\|00|\||eng\\
=FMT  \\$a  BK
=015  \\$aGBA155547$2bnb
=019  0\$as671240005
=020  \\$c(spiral)
=040  \\$aUk$cUk
=082  04$a381.4568380941$221
=084  \\$aTQ 07$2blsrissc
=245  00$aHousewares retailing.
=260  \\$aLondon :$bMintel International Group,$c2001.
=300  \\$a163 p. ;$c30 cm.
=336  \\$atext$2rdacontent
=337  \\$aunmediated$2rdamedia
=338  \\$avolume$2rdacarrier
=490  1\$aMintel retail intelligence
=650  \0$aMarket surveys$zGreat Britain.
=650  \0$aHouse furnishings$zGreat Britain.
=650  \0$aHouse furnishings$zGreat Britain$vStatistics.
=650  \0$aRetail trade surveys$zGreat Britain.
=710  2\$aMintel International Group Ltd.
=830  \0$aMintel retail intelligence
=852  71$aBritish Library$bSTI$cRES$k(XB)$hTQ 07$2blsrissc
=957  \\$a010920c
=968  \\$cBR
=CAT  \\$aCONV$b00$c20040502$lBLL01$h1059
=CAT  \\$aUE-01$b00$c20050929$lBLL01$h1402
=CAT  \\$aBATCH$b00$c20091118$lBLL01$h0011
=CAT  \\$aBATCH$b00$c20091216$lBLL01$h2208
=CAT  \\$aWR12-140$c20121030$lBLL01$h1102
=FIN  \\$aY
=LEO  \\$aMP25SBR.0000000248
=SRC  \\$aSTI01$bbibmp25r.200404.2.aa
=STA  \\$aSUPPRESSED$bBusiness Reserve: STM
=LAS  \\$aWR12-140$b00$c20121030$lBLL01$h1102

