=LDR  01297 am a2200433ua 4500
=001  005398699
=003  Uk
=005  20121030110200.0
=008  011106s2001\\\\enk\\\\||\\\\|00|\||eng\\
=FMT  \\$a  BK
=015  \\$aGBA158075$2bnb
=019  0\$as671356003
=020  \\$c(spiral)
=040  \\$aUk$cUk
=082  04$a384.5510941$221
=084  \\$aRU 56$2blsrissc
=245  00$aDigital TV.
=260  \\$aLondon :$bMintel International,$c2001.
=300  \\$a128 p. ;$c30 cm.
=336  \\$atext$2rdacontent
=337  \\$aunmediated$2rdamedia
=338  \\$avolume$2rdacarrier
=490  0\$aMintel special report
=650  \0$aDigital television$zGreat Britain.
=650  \0$aInteractive television$zGreat Britain.
=650  \0$aMarket surveys$zGreat Britain.
=710  2\$aMintel International Group Ltd.
=852  71$aBritish Library$bSTI$cRES$k(XB)$hRU 56$2blsrissc
=957  \\$a011003c
=968  \\$cBR
=CAT  \\$aCONV$b00$c20040502$lBLL01$h1059
=CAT  \\$aUE-01$b00$c20050929$lBLL01$h1402
=CAT  \\$aBATCH$b00$c20091118$lBLL01$h0011
=CAT  \\$aWR12-140$c20121030$lBLL01$h1102
=FIN  \\$aY
=LEO  \\$aMP25SBR.0000000249
=SRC  \\$aSTI01$bbibmp25r.200404.2.aa
=STA  \\$aSUPPRESSED$bBusiness Reserve: STM
=LAS  \\$aWR12-140$b00$c20121030$lBLL01$h1102

