=LDR  01518 am a2200493ua 4500
=001  005398701
=003  Uk
=005  20121030110200.0
=008  011106s2001\\\\enk\\\\||\\\\|00|\||eng\\
=FMT  \\$a  BK
=015  \\$aGBA132696$2bnb
=019  0\$as671364006
=020  \\$c(spiral)
=040  \\$aUk$cUk
=082  04$a381.1470941$221
=084  \\$aHT 29$2blsrissc
=084  \\$aHR 93$2blsrissc
=084  \\$aAB 94$2blsrissc
=245  00$aCTN retailing.
=246  3\$a2001 retail May
=260  \\$aLondon :$bMintel International Group,$c[2001]
=300  \\$a86 p. ;$c30 cm.
=336  \\$atext$2rdacontent
=337  \\$aunmediated$2rdamedia
=338  \\$avolume$2rdacarrier
=490  0\$aMintel retail intelligence
=500  \\$aSpine title: 2001 retail May.
=650  \0$aRetail trade surveys$zGreat Britain.
=650  \0$aRetail trade$zGreat Britain.
=650  \0$aConvenience stores$zGreat Britain.
=650  \0$aNewspaper and periodical wholesalers$zGreat Britain.
=710  2\$aMintel International Group Ltd.
=852  71$aBritish Library$bSTI$cRES$k(XB)$hHT 29$2blsrissc
=957  \\$a010529c
=968  \\$cBR
=CAT  \\$aCONV$b00$c20040502$lBLL01$h1059
=CAT  \\$aUE-01$b00$c20050929$lBLL01$h1402
=CAT  \\$aBATCH$b00$c20091118$lBLL01$h0011
=CAT  \\$aWR12-140$c20121030$lBLL01$h1102
=FIN  \\$aY
=LEO  \\$aMP25SBR.0000000251
=SRC  \\$aSTI01$bbibmp25r.200404.2.aa
=STA  \\$aSUPPRESSED$bBusiness Reserve: STM
=LAS  \\$aWR12-140$b00$c20121030$lBLL01$h1102

