=LDR  01402 am a2200445ua 4500
=001  005398703
=003  Uk
=005  20121030110200.0
=008  020115s2001\\\\enk\\\\||\\\\|00|\||eng\\
=FMT  \\$a  BK
=015  \\$aGBA161483$2bnb
=019  0\$as671618008
=020  \\$c(spiral)
=040  \\$aUk$cUk
=082  04$a332.350941$221
=084  \\$aAL 96$2blsrissc
=245  00$aSub-prime leading.
=246  3\$a2001 finance October
=260  \\$aLondon :$bMintel,$c2001.
=300  \\$a93 p., [60] p. :$bill. ;$c30 cm.
=336  \\$atext$2rdacontent
=337  \\$aunmediated$2rdamedia
=338  \\$avolume$2rdacarrier
=490  0\$aMintel. Finance intelligence
=500  \\$aSpine title: 2001 finance October.
=650  \0$aMarket surveys$zGreat Britain.
=650  \0$aConsumer credit$zGreat Britain.
=710  2\$aMintel International Group Ltd.
=852  71$aBritish Library$bSTI$cRES$k(B)$hAL 96$mBusiness Reserve$2blsrissc$3Unavailable for 3 years after publication
=957  \\$a011017c
=968  \\$cBR
=CAT  \\$aCONV$b00$c20040502$lBLL01$h1059
=CAT  \\$aUE-01$b00$c20050929$lBLL01$h1402
=CAT  \\$aBATCH$b00$c20091118$lBLL01$h0011
=CAT  \\$aWR12-140$c20121030$lBLL01$h1102
=FIN  \\$aY
=LEO  \\$aMP25SBR.0000000253
=SRC  \\$aSTI01$bbibmp25r.200404.2.aa
=STA  \\$aSUPPRESSED$bBusiness Reserve: STM
=LAS  \\$aWR12-140$b00$c20121030$lBLL01$h1102

