=LDR  01322 am a2200433ua 4500
=001  005398717
=003  Uk
=005  20180718194900.0
=008  011106s2001\\\\enk\\\\||\\\\|00|\||eng\\
=FMT  \\$a  BK
=015  \\$aGBA137989$2bnb
=019  0\$as671955004
=020  \\$c(spiral)
=040  \\$aUk$cUk
=082  04$a381.1420941$221
=084  \\$aAL 933$2blsrissc
=245  00$aVerdict on home delivery & fulfilment 2001.
=260  \\$aLondon :$bVerdict Research,$cc2001.
=300  \\$ax, 203 leaves ;$c30 cm.
=336  \\$atext$2rdacontent
=337  \\$aunmediated$2rdamedia
=338  \\$avolume$2rdacarrier
=650  \0$aMail-order business$zGreat Britain.
=650  \0$aTeleshopping$zGreat Britain.
=650  \0$aMarket surveys$zGreat Britain.
=710  2\$aVerdict Research.
=852  71$aBritish Library$bSTI$k(XB)$hAL 933$2blsrissc
=957  \\$a010626c
=968  \\$cBR
=CAT  \\$aCONV$b00$c20040502$lBLL01$h1059
=CAT  \\$a5100$b40$c20040611$lBLL01$h1154
=CAT  \\$aBATCH$b00$c20091118$lBLL01$h0011
=CAT  \\$aWR12-140$c20121030$lBLL01$h1102
=CAT  \\$aBATCH-UPD$b00$c20180718$lBLL01$h1949
=FIN  \\$aY
=LEO  \\$aMP25SBR.0000000267
=SRC  \\$aSTI01$bbibmp25r.200404.2.aa
=STA  \\$aSUPPRESSED$bBusiness Reserve: STM
=LAS  \\$aBATCH-UPD$b00$c20180718$lBLL01$h1949

