=LDR  01415 am a2200445ua 4500
=001  005398719
=003  Uk
=005  20200722175400.0
=008  011106s2001\\\\enk\\\\||\\\\|00|\||eng\\
=FMT  \\$a  BK
=015  \\$aGBA141530$2bnb
=019  0\$as671958003
=020  \\$c(spiral)
=040  \\$aUk$cUk
=082  04$a382.45687094$221
=084  \\$aML 063$2blsrissc
=245  00$aEuropean strategic issues - clothing retailing 2001.
=260  \\$aLondon :$bVerdict,$cc2001.
=300  \\$a108 leaves :$bill. ;$c30 cm.
=336  \\$atext$2rdacontent
=337  \\$aunmediated$2rdamedia
=338  \\$avolume$2rdacarrier
=500  \\$aTitle from cover.
=650  \0$aRetail trade surveys$zEuropean Union countries.
=650  \0$aClothing trade$zEuropean Union countries.
=650  \0$aClothing trade$zEuropean Union countries$vStatistics.
=710  2\$aVerdict Research.
=852  71$aBritish Library$bSTI$cRES$k(XB)$hML 063$2blsrissc
=957  \\$a010711c
=968  \\$cBR
=CAT  \\$aCONV$b00$c20040502$lBLL01$h1059
=CAT  \\$a5100$b40$c20040611$lBLL01$h1154
=CAT  \\$aBATCH$b00$c20091118$lBLL01$h0011
=CAT  \\$aWR12-140$c20121030$lBLL01$h1102
=CAT  \\$aBATCH-UPD$b00$c20200722$lBLL01$h1754
=FIN  \\$aY
=LEO  \\$aMP25SBR.0000000269
=SRC  \\$aSTI01$bbibmp25r.200404.2.aa
=STA  \\$aSUPPRESSED$bBusiness Reserve: STM
=LAS  \\$aBATCH-UPD$b00$c20200722$lBLL01$h1754

