=LDR  01333 am a2200445ua 4500
=001  005398722
=003  Uk
=005  20121030110200.0
=008  020115s2001\\\\enk\\\\||\\\\|00|\||eng\\
=FMT  \\$a  BK
=015  \\$aGBA165248$2bnb
=019  0\$as672035006
=020  \\$c(spiral)
=040  \\$aUk$cUk
=082  04$a658.804$221
=084  \\$aAL 90$2blsrissc
=245  00$aMarketing to rural areas.
=260  \\$aLondon :$bMintel International,$cc2001.
=300  \\$a124 p. :$bill. ;$c30 cm.
=336  \\$atext$2rdacontent
=337  \\$aunmediated$2rdamedia
=338  \\$avolume$2rdacarrier
=490  0\$aMintel special report
=500  \\$aIncludes index.
=650  \0$aMarket surveys$zGreat Britain.
=650  \0$aMarketing$zGreat Britain.
=650  \0$aRural population$zGreat Britain.
=710  2\$aMintel International Group Ltd.
=852  71$aBritish Library$bSTI$cRES$k(XB)$hAL 90$2blsrissc
=957  \\$a011031c
=968  \\$cBR
=CAT  \\$aCONV$b00$c20040502$lBLL01$h1059
=CAT  \\$aUE-01$b00$c20050929$lBLL01$h1404
=CAT  \\$aBATCH$b00$c20091118$lBLL01$h0011
=CAT  \\$aWR12-140$c20121030$lBLL01$h1102
=FIN  \\$aY
=LEO  \\$aMP25SBR.0000000272
=SRC  \\$aSTI01$bbibmp25r.200404.2.aa
=STA  \\$aSUPPRESSED$bBusiness Reserve: STM
=LAS  \\$aWR12-140$b00$c20121030$lBLL01$h1102

