=LDR  01445 am a2200505ua 4500
=001  005398726
=003  Uk
=005  20121030110200.0
=008  020115s2001\\\\enk\\\\||\\\\|00|\||eng\\
=FMT  \\$a  BK
=015  \\$aGBA167742$2bnb
=019  0\$as672290006
=020  \\$a1842641239 (pbk.)
=020  \\$a1842641581 (v.1)
=020  \\$a1842641603 (v.2)
=020  \\$a1842641611 (v.3)
=020  \\$a1842641638 (v.4)
=020  \\$a1842641646 (v.5)
=020  \\$a1842641654 (v.6)
=020  \\$a1842641662 (v.7)
=040  \\$aUk$cUk
=082  04$a381.1021$21
=084  \\$aAL 23$2blsrissc
=245  00$aRetail trade international 2001.
=250  \\$a12th ed.
=260  \\$aLondon :$bEuromonitor,$c2001.
=300  \\$a8 v. ;$c30 cm.
=336  \\$atext$2rdacontent
=337  \\$aunmediated$2rdamedia
=338  \\$avolume$2rdacarrier
=500  \\$aPrevious ed.: 2000.
=650  \0$aRetail trade$vStatistics.
=710  2\$aEuromonitor PLC.
=852  71$aBritish Library$bSTI$cRES$cRES$k(XB)$hAL 23$2blsrissc
=957  \\$a011023c
=968  \\$cBR
=CAT  \\$aCONV$b00$c20040502$lBLL01$h1059
=CAT  \\$aUE-01$b00$c20050902$lBLL01$h1131
=CAT  \\$aBATCH$b00$c20091118$lBLL01$h0011
=CAT  \\$aWR12-140$c20121030$lBLL01$h1102
=FIN  \\$aY
=LEO  \\$aMP25SBR.0000000276
=SRC  \\$aSTI01$bbibmp25r.200404.2.aa
=STA  \\$aSUPPRESSED$bBusiness Reserve: STM
=LAS  \\$aWR12-140$b00$c20121030$lBLL01$h1102

