=LDR  01561 am a2200469ua 4500
=001  005398728
=003  Uk
=005  20121030110200.0
=008  020115s2001\\\\enk\\\\||\\\\|00|\||eng\\
=FMT  \\$a  BK
=015  \\$aGBA169363$2bnb
=019  0\$as672527006
=020  \\$c(pbk.)
=040  \\$aUk$cUk
=082  04$a338.4769018$221
=084  \\$aWP 25$2blsrissc
=084  \\$aDT 37$2blsrissc
=245  04$aThe market for private sector home improvements.$nVol. 2,$pConservatories, entrance and patio doors, secondary glazing.
=250  \\$a2001 ed.
=260  \\$aSurbiton :$bPalmer Market Research,$c2001.
=300  \\$a107 leaves :$bill., 1 map ;$c31 cm.
=336  \\$atext$2rdacontent
=337  \\$aunmediated$2rdamedia
=338  \\$avolume$2rdacarrier
=500  \\$aPrevious ed.: 2000.
=650  \0$aMarket surveys$zGreat Britain.
=650  \0$aDwellings$zGreat Britain$xMaintenance and repair.
=650  \0$aBuilding fittings industry$zGreat Britain$vStatistics.
=710  2\$aPalmer Market Research Ltd.
=852  71$aBritish Library$bSTI$cRES$k(XB)$hWP 25$2blsrissc
=957  \\$a011107c
=968  \\$cBR
=CAT  \\$aCONV$b00$c20040502$lBLL01$h1059
=CAT  \\$a11306$b40$c20050113$lBLL01$h0830
=CAT  \\$aBATCH$b00$c20091118$lBLL01$h0011
=CAT  \\$aBATCH-UPD$b00$c20100212$lBLL01$h1703
=CAT  \\$aWR12-140$c20121030$lBLL01$h1102
=FIN  \\$aY
=LEO  \\$aMP25SBR.0000000278
=SRC  \\$aSTI01$bbibmp25r.200404.2.aa
=STA  \\$aSUPPRESSED$bBusiness Reserve: STM
=LAS  \\$aWR12-140$b00$c20121030$lBLL01$h1102

