=LDR  01646 as a2200469ua 4500
=001  005398734
=003  Uk
=005  20121030110200.0
=008  020213c20069999enk||\p|||\\\|0\\\||eng\\
=FMT  \\$a  SE
=015  \\$aGBA169476$2bnb
=019  0\$as672669005
=040  \\$aUk$cUk
=082  04$a381.4556437$221
=084  \\$aAL 934$2blsrissc
=245  00$aVerdict forecasts.$pDIY and gardening.
=260  \\$aLondon :$bVerdict Research,$c[2001?]-
=300  \\$av. :$bill. ;$c30 cm.
=336  \\$atext$2rdacontent
=337  \\$aunmediated$2rdamedia
=338  \\$avolume$2rdacarrier
=362  0\$a[2006?]-
=530  \\$aAlso published in various electronic formats.
=650  \0$aDo-it-yourself products industry$zGreat Britain$vPeriodicals.
=650  \0$aGardening equipment industry$zGreat Britain$vPeriodicals.
=650  \0$aRetail trade surveys$zGreat Britain$vPeriodicals.
=710  2\$aVerdict Research
=852  71$aBritish Library$bSTI$cRES$k(B)$hAL 934$mBusiness Reserve$2blsrissc$32001- ; 2006-***Unavailable for 2 years after publication
=852  71$aBritish Library$bSTI$cRES$k(XP)$hAL 934$m-E(18)$2blsrissc$32001- ; 2006-***Earlier issues
=957  \\$a011109c
=968  \\$cBR
=CAT  \\$aCONV$b00$c20040502$lBLL01$h1059
=CAT  \\$a5100$b40$c20040611$lBLL01$h1154
=CAT  \\$aBATCH$b00$c20091118$lBLL01$h0011
=CAT  \\$aWR12-140$c20121030$lBLL01$h1102
=FIN  \\$aY
=LEO  \\$aMP25SBR.0000000284
=SRC  \\$aSTI01$bbibmp25r.200404.2.aa
=SSD  \\$a25500{dollar}a[2006?]-
=STA  \\$aSUPPRESSED$bBusiness Reserve: STM
=TCO  \\$aCLA$bCLA$c008
=LAS  \\$aWR12-140$b00$c20121030$lBLL01$h1102

