=LDR  01721 am a2200517ua 4500
=001  005398745
=003  Uk
=005  20121030110200.0
=008  020213s2000\\\\enk\\\\||\\\\|00|\||eng\\
=FMT  \\$a  BK
=015  \\$aGBA172323$2bnb
=019  0\$as672840006
=020  \\$c(spiral)
=040  \\$aUk$cUk
=082  04$a338.4366400941$221
=084  \\$aHQ 38$2blsrissc
=084  \\$aHQ 37$2blsrissc
=084  \\$aTU 80$2blsrissc
=245  00$aFood and drink packaging.
=260  \\$aLondon :$bMintel International Group Ltd.,$c2000.
=300  \\$a38 p. ;$c30 cm.
=336  \\$atext$2rdacontent
=337  \\$aunmediated$2rdamedia
=338  \\$avolume$2rdacarrier
=490  1\$aMintel market intelligence
=500  \\$aPrevious ed.: 1999.
=650  \0$aMarket surveys$zGreat Britain.
=650  \0$aPackage goods industry$zGreat Britain.
=650  \0$aPackage goods industry$zGreat Britain$vStatistics.
=650  \0$aFood industry and trade$zGreat Britain.
=650  \0$aFood industry and trade$zGreat Britain$vStatistics.
=710  2\$aMintel International Group Ltd.
=830  \0$aMintel market intelligence
=852  71$aBritish Library$bSTI$cRES$k(B)$hHQ 38$mBusiness Reserve$2blsrissc$3Unavailable for 3 years after publication
=957  \\$a011128c
=968  \\$cBR
=CAT  \\$aCONV$b00$c20040502$lBLL01$h1059
=CAT  \\$aUE-01$b00$c20050929$lBLL01$h1406
=CAT  \\$aBATCH$b00$c20091118$lBLL01$h0011
=CAT  \\$aBATCH$b00$c20091216$lBLL01$h2208
=CAT  \\$aWR12-140$c20121030$lBLL01$h1102
=FIN  \\$aY
=LEO  \\$aMP25SBR.0000000295
=SRC  \\$aSTI01$bbibmp25r.200404.2.aa
=STA  \\$aSUPPRESSED$bBusiness Reserve: STM
=LAS  \\$aWR12-140$b00$c20121030$lBLL01$h1102

