=LDR  01761 am a2200505ua 4500
=001  005398746
=003  Uk
=005  20121030110200.0
=008  020213s2000\\\\enk\\\\||\\\\|00|\||eng\\
=FMT  \\$a  BK
=015  \\$aGBA200004$2bnb
=019  0\$as672841002
=020  \\$c(spiral)
=040  \\$aUk$cUk
=082  04$a338.470520941$221
=084  \\$aAB 91$2blsrissc
=245  00$aHome interest and gardening magazines.
=260  \\$aLondon :$bMintel International Group Ltd.,$c2000.
=300  \\$a40 p. ;$c30 cm.
=336  \\$atext$2rdacontent
=337  \\$aunmediated$2rdamedia
=338  \\$avolume$2rdacarrier
=490  1\$aMintel market intelligence
=650  \0$aMarket surveys$zGreat Britain.
=650  \0$aDwellings$zGreat Britain$xMaintenance and repair$xPeriodicals.
=650  \0$aDwellings$zGreat Britain$xMaintenance and repair$xPeriodicals$vStatistics.
=650  \0$aInterior decoration$zGreat Britain$xPeriodicals.
=650  \0$aInterior decoration$zGreat Britain$xPeriodicals$vStatistics.
=650  \0$aGardening$zGreat Britain$xPeriodicals.
=650  \0$aGardening$zGreat Britain$xPeriodicals$vStatistics.
=710  2\$aMintel International Group Ltd.
=830  \0$aMintel market intelligence
=852  71$aBritish Library$bSTI$cRES$k(XB)$hAB 91$2blsrissc
=957  \\$a011128c
=968  \\$cBR
=CAT  \\$aCONV$b00$c20040502$lBLL01$h1059
=CAT  \\$aUE-01$b00$c20050929$lBLL01$h1406
=CAT  \\$aBATCH$b00$c20091118$lBLL01$h0011
=CAT  \\$aBATCH$b00$c20091216$lBLL01$h2208
=CAT  \\$aWR12-140$c20121030$lBLL01$h1102
=FIN  \\$aY
=LEO  \\$aMP25SBR.0000000296
=SRC  \\$aSTI01$bbibmp25r.200404.2.aa
=STA  \\$aSUPPRESSED$bBusiness Reserve: STM
=LAS  \\$aWR12-140$b00$c20121030$lBLL01$h1102

