=LDR  01528 am a2200481ua 4500
=001  005398747
=003  Uk
=005  20121030110200.0
=008  020213s2001\\\\enk\\\\||\\\\|00|\||eng\\
=FMT  \\$a  BK
=015  \\$aGBA200035$2bnb
=019  0\$as672843005
=020  \\$c(pbk)
=040  \\$aUk$cUk
=082  04$a338.476901822$221
=084  \\$aWP 16$2blsrissc
=084  \\$aWP 25$2blsrissc
=245  04$aThe market in social sector housing for replacement windows and entrance doors.
=250  \\$a2001 ed.
=260  \\$aSurbiton :$bPalmer Market Research,$c2001.
=300  \\$a77 leaves :$bill., 1 map ;$c30 cm.
=336  \\$atext$2rdacontent
=337  \\$aunmediated$2rdamedia
=338  \\$avolume$2rdacarrier
=500  \\$aPrevious ed.: 2000?.
=650  \0$aWindow industry$zGreat Britain.
=650  \0$aWindow industry$zGreat Britain$vStatistics.
=650  \0$aDoors$zGreat Britain.
=650  \0$aDoors$zGreat Britain$vStatistics.
=650  \0$aMarket surveys$zGreat Britain.
=710  2\$aPalmer Market Research Ltd.
=852  71$aBritish Library$bSTI$cRES$k(XB)$hWP 16$2blsrissc
=957  \\$a011122c
=968  \\$cBR
=CAT  \\$aCONV$b00$c20040502$lBLL01$h1059
=CAT  \\$a11306$b40$c20050113$lBLL01$h0830
=CAT  \\$aBATCH$b00$c20091118$lBLL01$h0011
=CAT  \\$aWR12-140$c20121030$lBLL01$h1102
=FIN  \\$aY
=LEO  \\$aMP25SBR.0000000297
=SRC  \\$aSTI01$bbibmp25r.200404.2.aa
=STA  \\$aSUPPRESSED$bBusiness Reserve: STM
=LAS  \\$aWR12-140$b00$c20121030$lBLL01$h1102

