=LDR  01192 am a2200409ua 4500
=001  005398758
=003  Uk
=005  20121030110200.0
=008  020213s2001\\\\enk\\\\||\\\\|00|\||eng\\
=FMT  \\$a  BK
=015  \\$aGBA202753$2bnb
=019  0\$as67320300x
=020  \\$c(spiral)
=040  \\$aUk$cUk
=082  04$a613.2083$221
=084  \\$aHP 172$2blsrissc
=084  \\$aHN 37$2blsrissc
=245  00$aChildren's eating habits.
=260  \\$aLondon :$bMintel,$c2001.
=300  \\$a97, [8] p. ;$c30 cm.
=336  \\$atext$2rdacontent
=337  \\$aunmediated$2rdamedia
=338  \\$avolume$2rdacarrier
=490  0\$aMintel special report
=650  \0$aChildren$xNutrition$xPsychological aspects.
=650  \0$aNutrition surveys$zGreat Britain.
=852  71$aBritish Library$bSTI$cRES$k(XB)$hHP 172$2blsrissc
=957  \\$a011211c
=968  \\$cBR
=CAT  \\$aCONV$b00$c20040502$lBLL01$h1059
=CAT  \\$aBATCH$b00$c20091118$lBLL01$h0011
=CAT  \\$aWR12-140$c20121030$lBLL01$h1102
=FIN  \\$aY
=LEO  \\$aMP25SBR.0000000308
=SRC  \\$aSTI01$bbibmp25r.200404.2.aa
=STA  \\$aSUPPRESSED$bBusiness Reserve: STM
=LAS  \\$aWR12-140$b00$c20121030$lBLL01$h1102

