=LDR  01309 am a2200445ua 4500
=001  005398759
=003  Uk
=005  20121030110200.0
=008  020213s2001\\\\enk\\\\||\\\\|00|\||eng\\
=FMT  \\$a  BK
=015  \\$aGBA202762$2bnb
=019  0\$as673204006
=020  \\$c(spiral)
=040  \\$aUk$cUk
=082  04$a368.30941$221
=084  \\$aAL 96$2blsrissc
=245  00$aSelling to and profiting from the over-65s.
=260  \\$aLondon :$bMintel,$c2001.
=300  \\$a121, [8] p. ;$c30 cm.
=336  \\$atext$2rdacontent
=337  \\$aunmediated$2rdamedia
=338  \\$avolume$2rdacarrier
=490  1\$aMintel special report
=650  \0$aOlder consumers.
=650  \0$aInsurance, Life$xPlans.
=650  \0$aInsurance, Health$xPolicies.
=650  \0$aSelling$xInsurance.
=830  \0$aMintel special report
=852  71$aBritish Library$bSTI$cRES$k(XB)$hAL 96$2blsrissc
=957  \\$a011211c
=968  \\$cBR
=CAT  \\$aCONV$b00$c20040502$lBLL01$h1059
=CAT  \\$aBATCH$b00$c20091118$lBLL01$h0011
=CAT  \\$aBATCH$b00$c20091216$lBLL01$h2208
=CAT  \\$aWR12-140$c20121030$lBLL01$h1102
=FIN  \\$aY
=LEO  \\$aMP25SBR.0000000309
=SRC  \\$aSTI01$bbibmp25r.200404.2.aa
=STA  \\$aSUPPRESSED$bBusiness Reserve: STM
=LAS  \\$aWR12-140$b00$c20121030$lBLL01$h1102

