=LDR  01404 am a2200445ua 4500
=001  005398764
=003  Uk
=005  20121030110200.0
=008  020213s2000\\\\enk\\\\||\\\\|00|\||eng\\
=FMT  \\$a  BK
=015  \\$aGBA164432$2bnb
=019  0\$as673385000
=020  \\$c(spiral)
=040  \\$aUk$cUk
=082  04$a338.47683820941$221
=084  \\$aTM 51$2blsrissc
=245  00$aKitchen gadgets.
=260  \\$aLondon :$bMintel International Group,$c[2000]
=300  \\$a1 v. (various pagings) ;$c30cm.
=336  \\$atext$2rdacontent
=337  \\$aunmediated$2rdamedia
=338  \\$avolume$2rdacarrier
=490  1\$aMintel market intelligence
=650  \0$aKitchen utensils industry$zGreat Britain$vStatistics.
=650  \0$aCookware industry$zGreat Britain$vStatistics.
=710  2\$aMintel International Group Ltd.
=830  \0$aMintel market intelligence
=852  71$aBritish Library$bSTI$cRES$k(XB)$hTM 51$2blsrissc
=957  \\$a011213c
=968  \\$cBR
=CAT  \\$aCONV$b00$c20040502$lBLL01$h1059
=CAT  \\$aUE-01$b00$c20050929$lBLL01$h1406
=CAT  \\$aBATCH$b00$c20091118$lBLL01$h0011
=CAT  \\$aBATCH$b00$c20091216$lBLL01$h2208
=CAT  \\$aWR12-140$c20121030$lBLL01$h1102
=FIN  \\$aY
=LEO  \\$aMP25SBR.0000000314
=SRC  \\$aSTI01$bbibmp25r.200404.2.aa
=STA  \\$aSUPPRESSED$bBusiness Reserve: STM
=LAS  \\$aWR12-140$b00$c20121030$lBLL01$h1102

