=LDR  01287 am a2200433ua 4500
=001  005398768
=003  Uk
=005  20121030110200.0
=008  020213s2001\\\\enk\\\\||\\\\|00|\||eng\\
=FMT  \\$a  BK
=015  \\$aGBA203990$2bnb
=019  0\$as673398005
=020  \\$c(spiral)
=040  \\$aUk$cUk
=082  04$a338.4763550942$221
=084  \\$aHR 75$2blsrissc
=245  04$aThe salad market.
=260  \\$aLondon :$bMintel International Group,$c2001.
=300  \\$a28 p. ;$c30 cm.
=336  \\$atext$2rdacontent
=337  \\$aunmediated$2rdamedia
=338  \\$avolume$2rdacarrier
=490  0\$aMintel market intelligence
=650  \0$aSalad vegetables$zGreat Britain.
=650  \0$aMarket surveys$zGreat Britain.
=650  \0$aFood mixes.
=710  2\$aMintel International Group Ltd.
=852  71$aBritish Library$bSTI$cRES$k(XB)$hHR 75$2blsrissc
=957  \\$a011220c
=968  \\$cBR
=CAT  \\$aCONV$b00$c20040502$lBLL01$h1059
=CAT  \\$aUE-01$b00$c20050929$lBLL01$h1406
=CAT  \\$aBATCH$b00$c20091118$lBLL01$h0011
=CAT  \\$aWR12-140$c20121030$lBLL01$h1102
=FIN  \\$aY
=LEO  \\$aMP25SBR.0000000318
=SRC  \\$aSTI01$bbibmp25r.200404.2.aa
=STA  \\$aSUPPRESSED$bBusiness Reserve: STM
=LAS  \\$aWR12-140$b00$c20121030$lBLL01$h1102

