=LDR  01650 am a2200493ua 4500
=001  005398775
=003  Uk
=005  20121030110200.0
=008  020213s2001\\\\enk\\\\||\\\\|00|\||eng\\
=FMT  \\$a  BK
=015  \\$aGBA205197$2bnb
=019  0\$as673546004
=020  \\$c(spiral)
=040  \\$aUk$cUk
=082  04$a338.47000941$221
=084  \\$aAL 93$2blsrissc
=245  00$aEssentials - December 2001 :$bbridalwear, car and van hire, hairstyling products, precious metal jewellery, tyres.
=246  3\$a2001 market December
=260  \\$aLondon :$bMintel International Group,$c2001.
=300  \\$a1 v. (various pagings) ;$c30 cm.
=336  \\$atext$2rdacontent
=337  \\$aunmediated$2rdamedia
=338  \\$avolume$2rdacarrier
=490  0\$aMintel. Market intelligence
=500  \\$aSpine title: 2001 market December.
=650  \0$aMarket surveys$zGreat Britain.
=650  \0$aWedding costume$zGreat Britain.
=650  \0$aAutomobile leasing and renting$zGreat Britain.
=650  \0$aHair preparations$zGreat Britain.
=650  \0$aJewelry$zGreat Britain.
=650  \0$aTires$zGreat Britain.
=710  2\$aMintel International Group Ltd.
=852  71$aBritish Library$bSTI$cRES$k(XB)$hAL 93$2blsrissc
=957  \\$a020103c
=968  \\$cBR
=CAT  \\$aCONV$b00$c20040502$lBLL01$h1059
=CAT  \\$aUE-01$b00$c20050929$lBLL01$h1407
=CAT  \\$aBATCH$b00$c20091118$lBLL01$h0011
=CAT  \\$aWR12-140$c20121030$lBLL01$h1102
=FIN  \\$aY
=LEO  \\$aMP25SBR.0000000325
=SRC  \\$aSTI01$bbibmp25r.200404.2.aa
=STA  \\$aSUPPRESSED$bBusiness Reserve: STM
=LAS  \\$aWR12-140$b00$c20121030$lBLL01$h1102

