=LDR  01483 am a2200481ua 4500
=001  005398785
=003  Uk
=005  20121030110200.0
=008  020416s2001\\\\enk\\\\||s\\\|00|\||eng\\
=FMT  \\$a  BK
=015  \\$aGBA206655$2bnb
=019  0\$as67388600x
=020  \\$a1842641441 (pbk.)
=040  \\$aUk$cUk
=082  04$a339.470951$221
=084  \\$aAM 50(CHN)$2blsrissc
=245  00$aConsumer China 2002.
=250  \\$a8th ed.
=260  \\$aLondon :$bEuromonitor,$cc2001.
=300  \\$axxiv, 380 p. ;$c30 cm.
=336  \\$atext$2rdacontent
=337  \\$aunmediated$2rdamedia
=338  \\$avolume$2rdacarrier
=490  1\$aMarketing handbooks
=650  \0$aMarket surveys$zChina$vStatistics.
=650  \0$aRetail trade$zChina$vStatistics.
=650  \0$aConsumption (Economics)$zChina$vStatistics.
=651  \0$aChina$xEconomic conditions$y1976-2000$vStatistics.
=710  2\$aEuromonitor PLC.
=830  \0$aMarketing handbooks
=852  71$aBritish Library$bSTI$cRES$k(XB)$hAM 50$2blsrissc
=957  \\$a011214c
=968  \\$cBR
=CAT  \\$aCONV$b00$c20040502$lBLL01$h1059
=CAT  \\$aUE-01$b00$c20050902$lBLL01$h1131
=CAT  \\$aBATCH$b00$c20091118$lBLL01$h0011
=CAT  \\$aBATCH$b00$c20091216$lBLL01$h2208
=CAT  \\$aWR12-140$c20121030$lBLL01$h1102
=FIN  \\$aY
=LEO  \\$aMP25SBR.0000000335
=SRC  \\$aSTI01$bbibmp25r.200404.2.aa
=STA  \\$aSUPPRESSED$bBusiness Reserve: STM
=LAS  \\$aWR12-140$b00$c20121030$lBLL01$h1102

