=LDR  01321 am a2200433ua 4500
=001  005398791
=003  Uk
=005  20121030110200.0
=008  020312s2002\\\\enk\\\\||\\\\|00|\||eng\\
=FMT  \\$a  BK
=015  \\$aGBA210192$2bnb
=019  0\$as674221001
=020  \\$c(spiral)
=040  \\$aUk$cUk
=082  04$a338.473880440941$221
=084  \\$aUT 60$2blsrissc
=245  04$aThe UK market for courier services.
=260  \\$aChester :$bMSI,$c2002.
=300  \\$a1 v. :$bill. ;$c30 cm.
=336  \\$atext$2rdacontent
=337  \\$aunmediated$2rdamedia
=338  \\$avolume$2rdacarrier
=490  1\$aAn MSI marketing presentation
=650  \0$aMarket surveys$zGreat Britain.
=650  \0$aExpress service$zGreat Britain.
=710  2\$aMSI Marketing Research for Industry Ltd.
=830  \3$aAn MSI marketing presentation
=852  71$aBritish Library$bSTI$cRES$k(XB)$hUT 60$2blsrissc
=957  \\$a020122c
=968  \\$cBR
=CAT  \\$aCONV$b00$c20040502$lBLL01$h1059
=CAT  \\$aBATCH$b00$c20091118$lBLL01$h0011
=CAT  \\$aBATCH$b00$c20091216$lBLL01$h2208
=CAT  \\$aWR12-140$c20121030$lBLL01$h1102
=FIN  \\$aY
=LEO  \\$aMP25SBR.0000000341
=SRC  \\$aSTI01$bbibmp25r.200404.2.aa
=STA  \\$aSUPPRESSED$bBusiness Reserve: STM
=LAS  \\$aWR12-140$b00$c20121030$lBLL01$h1102

