=LDR  01280 am a2200397ua 4500
=001  005398804
=003  Uk
=005  20121030110200.0
=008  020416s2002\\\\enk\\\\||\\\\|00|\||ger\\
=FMT  \\$a  BK
=015  \\$aGBA215615$2bnb
=019  0\$as67488700x
=020  \\$c(spiral)
=040  \\$aUk$cUk
=082  04$a381.456841$221
=084  \\$aWL 71$2blsrissc
=245  05$aEine MSI Marketing Pras̈entation zum Thema: Der Markt für Küchenmöbel: Frankreich.
=260  \\$aFrankfurt ;$aChester :$bMSI Marketing Research for Industry,$c2002.
=300  \\$a[76] p. :$bill., 1 map ;$c30 cm.
=336  \\$atext$2rdacontent
=337  \\$aunmediated$2rdamedia
=338  \\$avolume$2rdacarrier
=650  \0$aMarket surveys$zFrance.
=650  \0$aKitchen furniture industry$zFrance.
=710  2\$aMSI Marketing Research for Industry Ltd.
=852  71$aBritish Library$bSTI$cRES$k(XB)$hWL 71$2blsrissc
=957  \\$a020107c
=968  \\$cBR
=CAT  \\$aCONV$b00$c20040502$lBLL01$h1059
=CAT  \\$aBATCH$b00$c20091118$lBLL01$h0011
=CAT  \\$aWR12-140$c20121030$lBLL01$h1102
=FIN  \\$aY
=LEO  \\$aMP25SBR.0000000354
=SRC  \\$aSTI01$bbibmp25r.200404.2.aa
=STA  \\$aSUPPRESSED$bBusiness Reserve: STM
=LAS  \\$aWR12-140$b00$c20121030$lBLL01$h1102

