=LDR  01266 am a2200397ua 4500
=001  005398805
=003  Uk
=005  20121030110200.0
=008  020416s2002\\\\enk\\\\||\\\\|00|\||eng\\
=FMT  \\$a  BK
=015  \\$aGBA215604$2bnb
=019  0\$as674888006
=020  \\$c(spiral)
=040  \\$aUk$cUk
=082  04$a338.476950941$221
=084  \\$aWP 50$2blsrissc
=245  03$aAn MSI marketing presentation on: the future of the UK market for roofing contracting to 2006.
=260  \\$aChester :$bMSI Marketing Research for Industry,$c2002.
=300  \\$a[74] p. :$bill. ;$c30 cm.
=336  \\$atext$2rdacontent
=337  \\$aunmediated$2rdamedia
=338  \\$avolume$2rdacarrier
=650  \0$aMarket surveys$zGreat Britain.
=650  \0$aRoofing industry.
=710  2\$aMSI Marketing Research for Industry Ltd.
=852  71$aBritish Library$bSTI$cRES$k(XB)$hWP 50 Reseerve$2blsrissc
=957  \\$a020207c
=968  \\$cBR
=CAT  \\$aCONV$b00$c20040502$lBLL01$h1059
=CAT  \\$aBATCH$b00$c20091118$lBLL01$h0011
=CAT  \\$aWR12-140$c20121030$lBLL01$h1102
=FIN  \\$aY
=LEO  \\$aMP25SBR.0000000355
=SRC  \\$aSTI01$bbibmp25r.200404.2.aa
=STA  \\$aSUPPRESSED$bBusiness Reserve: STM
=LAS  \\$aWR12-140$b00$c20121030$lBLL01$h1102

