=LDR  01378 am a2200445ua 4500
=001  005398809
=003  Uk
=005  20121030110200.0
=008  020416s2002\\\\enk\\\\||\\\\|00|\||eng\\
=FMT  \\$a  BK
=015  \\$aGBA216645$2bnb
=019  0\$as674994000
=020  \\$a0862148626 (pbk.)
=040  \\$aUk$cUk
=082  04$a338.47669735$221
=084  \\$aNG 60(T)$2blsrissc
=245  04$aThe economics of Tantalum.
=246  3\$aTantalum 8
=250  \\$a8th ed.
=260  \\$aLondon :$bRoskill Information Services,$cc2002.
=300  \\$a188,A18,B2 p. :$bill. ;$c30 cm.
=336  \\$atext$2rdacontent
=337  \\$aunmediated$2rdamedia
=338  \\$avolume$2rdacarrier
=500  \\$aPrevious ed.: 1999.
=500  \\$aSpine title: Tantalum 8.
=650  \0$aTantalum industry$vStatistics.
=650  \0$aMarket surveys.
=710  2\$aRoskill Information Services.
=852  71$aBritish Library$bSTI$cRES$k(B)$hNG 60$m(T) Business Reserve$2blsrissc$3Unavailalbe for 3 years after publication
=957  \\$a020219c
=968  \\$cBR
=CAT  \\$aCONV$b00$c20040502$lBLL01$h1059
=CAT  \\$aBATCH$b00$c20091118$lBLL01$h0011
=CAT  \\$aWR12-140$c20121030$lBLL01$h1102
=FIN  \\$aY
=LEO  \\$aMP25SBR.0000000359
=SRC  \\$aSTI01$bbibmp25r.200404.2.aa
=STA  \\$aSUPPRESSED$bBusiness Reserve: STM
=LAS  \\$aWR12-140$b00$c20121030$lBLL01$h1102

