=LDR  01435 am a2200457ua 4500
=001  005398827
=003  Uk
=005  20121030110200.0
=008  020614s2002\\\\enk\\\\||\\\\|00|\||eng\\
=FMT  \\$a  BK
=015  \\$aGBA223585$2bnb
=019  0\$as675670004
=020  \\$c(spiral)
=040  \\$aUk$cUk
=082  04$a381.1470941$221
=084  \\$aAL 936$2blsrissc
=245  00$aConvenience retailing /$cRetail Intelligence.
=246  3\$a2002 retail March
=260  \\$aLondon :$bMintel International Group Ltd.,$c2002.
=300  \\$a161 p. :$bill. ;$c30 cm.
=336  \\$atext$2rdacontent
=337  \\$aunmediated$2rdamedia
=338  \\$avolume$2rdacarrier
=500  \\$aSpine title: 2002 retail March.
=650  \0$aConvenience stores$zGreat Britain.
=650  \0$aRetail trade surveys$zGreat Britain.
=650  \0$aRetail trade$zGreat Britain.
=710  2\$aMintel International Group Ltd.
=710  2\$aRetail Intelligence (Firm)
=852  71$aBritish Library$bSTI$cRES$k(XB)$hAL 936$2blsrissc
=957  \\$a020319c
=968  \\$cBR
=CAT  \\$aCONV$b00$c20040502$lBLL01$h1059
=CAT  \\$aUE-01$b00$c20050929$lBLL01$h1408
=CAT  \\$aBATCH$b00$c20091118$lBLL01$h0011
=CAT  \\$aWR12-140$c20121030$lBLL01$h1102
=FIN  \\$aY
=LEO  \\$aMP25SBR.0000000377
=SRC  \\$aSTI01$bbibmp25r.200404.2.aa
=STA  \\$aSUPPRESSED$bBusiness Reserve: STM
=LAS  \\$aWR12-140$b00$c20121030$lBLL01$h1102

