=LDR  01524 am a2200493ua 4500
=001  005398829
=003  Uk
=005  20160610125000.0
=008  020709s2002\\\\enk\\\\||\\\\|00|\||eng\\
=FMT  \\$a  BK
=015  \\$aGBA224201$2bnb
=019  0\$as675711002
=020  \\$c(spiral)
=040  \\$aUk$cUk
=082  04$a338.4764795$221
=084  \\$aHP 57$2blsrissc
=245  00$aChicken and burger bars.
=246  3\$a2002 leisure March
=250  \\$a[New ed.]
=260  \\$aLondon :$bMintel International Group,$c2002.
=300  \\$a81 p. :$bill. ;$c30 cm.
=336  \\$atext$2rdacontent
=337  \\$aunmediated$2rdamedia
=338  \\$avolume$2rdacarrier
=490  1\$aMintel leisure intelligence
=500  \\$aPrevious ed.: 2000.
=500  \\$aSpine title: 2002 leisure March.
=650  \0$aFast food restaurants$zGreat Britain.
=710  2\$aMintel International Group Ltd.
=830  \0$aMintel leisure intelligence.
=852  71$aBritish Library$bSTI$cRES$k(XB)$hHP 57$2blsrissc
=957  \\$a020319c
=968  \\$cBR
=CAT  \\$aCONV$b00$c20040502$lBLL01$h1059
=CAT  \\$aUE-01$b00$c20050929$lBLL01$h1408
=CAT  \\$aBATCH$b00$c20091118$lBLL01$h0011
=CAT  \\$aBATCH$b00$c20091216$lBLL01$h2208
=CAT  \\$aWR12-140$c20121030$lBLL01$h1102
=CAT  \\$aBATCH-UPD$b00$c20160610$lBLL01$h1250
=FIN  \\$aY
=LEO  \\$aMP25SBR.0000000379
=SRC  \\$aSTI01$bbibmp25r.200404.2.aa
=STA  \\$aSUPPRESSED$bBusiness Reserve: STM
=LAS  \\$aBATCH-UPD$b00$c20160610$lBLL01$h1250

