=LDR  01627 am a2200493ua 4500
=001  005398831
=003  Uk
=005  20121030110200.0
=008  020910s2002\\\\enk\\\\||\\\\|00|\||eng\\
=FMT  \\$a  BK
=015  \\$aGBA226620$2bnb
=019  0\$as675856000
=020  \\$c(spiral)
=040  \\$aUk$cUk
=082  04$a338.476410941$221
=084  \\$aHP 13$2blsrissc
=084  \\$aDE 04$2blsrissc
=084  \\$aDE 15$2blsrissc
=084  \\$aHQ 91$2blsrissc
=084  \\$aHR 35$2blsrissc
=245  00$aFood & drink - March 2002 :$battitudes towards drinking, champagne, frozen ready meals, functional food & drink products, milk & cream.
=246  3\$a2002 market March
=260  \\$aLondon :$bMintel International Group,$c2002.
=300  \\$a1 v. (various pagings) :$bill. ;$c30 cm.
=336  \\$atext$2rdacontent
=337  \\$aunmediated$2rdamedia
=338  \\$avolume$2rdacarrier
=500  \\$aSpine title: 2002 market January.
=650  \0$aMarket surveys$zGreat Britain.
=650  \0$aFood industry and trade$zGreat Britain.
=650  \0$aConsumer behavior$zGreat Britain.
=710  2\$aMintel International Group Ltd.
=852  71$aBritish Library$bSTI$cRES$k(XB)$hHP 13$2blsrissc
=957  \\$a020205c
=968  \\$cBR
=CAT  \\$aCONV$b00$c20040502$lBLL01$h1059
=CAT  \\$aUE-01$b00$c20050929$lBLL01$h1408
=CAT  \\$aBATCH$b00$c20091118$lBLL01$h0011
=CAT  \\$aWR12-140$c20121030$lBLL01$h1102
=FIN  \\$aY
=LEO  \\$aMP25SBR.0000000381
=SRC  \\$aSTI01$bbibmp25r.200404.2.aa
=STA  \\$aSUPPRESSED$bBusiness Reserve: STM
=LAS  \\$aWR12-140$b00$c20121030$lBLL01$h1102

