=LDR  01271 am a2200421ua 4500
=001  005398847
=003  Uk
=005  20121030110200.0
=008  020709s2000\\\\enk\\\\||\\\\|00|\||eng\\
=FMT  \\$a  BK
=015  \\$aGBA231508$2bnb
=019  0\$as676406009
=020  \\$c(spiral)
=040  \\$aUk$cUk
=082  04$a381.456292220941$221
=084  \\$aVK 45$2blsrissc
=245  00$aCar retailing.
=260  \\$aLondon :$bMintel International,$c2002.
=300  \\$a155 p. ;$c30 cm.
=336  \\$atext$2rdacontent
=337  \\$aunmediated$2rdamedia
=338  \\$avolume$2rdacarrier
=490  0\$aMintel retail intelligence (UK)
=650  \0$aMarket surveys$zGreat Britain.
=650  \0$aAutomobile industry and trade$zGreat Britain.
=710  2\$aMintel International Group Ltd.
=852  71$aBritish Library$bSTI$cRES$k(XB)$hVK 45$2blsrissc
=957  \\$a020425c
=968  \\$cBR
=CAT  \\$aCONV$b00$c20040502$lBLL01$h1059
=CAT  \\$aUE-01$b00$c20050929$lBLL01$h1409
=CAT  \\$aBATCH$b00$c20091118$lBLL01$h0011
=CAT  \\$aWR12-140$c20121030$lBLL01$h1102
=FIN  \\$aY
=LEO  \\$aMP25SBR.0000000397
=SRC  \\$aSTI01$bbibmp25r.200404.2.aa
=STA  \\$aSUPPRESSED$bBusiness Reserve: STM
=LAS  \\$aWR12-140$b00$c20121030$lBLL01$h1102

