=LDR  01367 am a2200445ua 4500
=001  005398875
=003  Uk
=005  20121030110200.0
=008  020910s2002\\\\enk\\\\||\\\\|00|\||eng\\
=FMT  \\$a  BK
=015  \\$aGBA234361$2bnb
=019  0\$as676672000
=020  \\$c(spiral)
=040  \\$aUk$cUk
=082  04$a658.820941$221
=084  \\$aAM 01$2blsrissc
=245  00$aSponsorship, special report.
=246  3\$a2002 sponsorship
=260  \\$aLondon :$bMintel International Group,$c2002.
=300  \\$a184 p. :$bill. ;$c30 cm.
=336  \\$atext$2rdacontent
=337  \\$aunmediated$2rdamedia
=338  \\$avolume$2rdacarrier
=490  0\$aMintel special report
=500  \\$aSpine title: 2002 sponsorship.
=650  \0$aCorporate sponsorship$zGreat Britain$zStatistics.
=650  \0$aMarket surveys$zGreat Britain.
=710  2\$aMintel International Group Ltd.
=852  71$aBritish Library$bSTI$cRES$k(XB)$hAM 01$2blsrissc
=957  \\$a020509c
=968  \\$cBR
=CAT  \\$aCONV$b00$c20040502$lBLL01$h1059
=CAT  \\$aUE-01$b00$c20050929$lBLL01$h1410
=CAT  \\$aBATCH$b00$c20091118$lBLL01$h0011
=CAT  \\$aWR12-140$c20121030$lBLL01$h1102
=FIN  \\$aY
=LEO  \\$aMP25SBR.0000000425
=SRC  \\$aSTI01$bbibmp25r.200404.2.aa
=STA  \\$aSUPPRESSED$bBusiness Reserve: STM
=LAS  \\$aWR12-140$b00$c20121030$lBLL01$h1102

