=LDR  01253 am a2200433ua 4500
=001  005398876
=003  Uk
=005  20121030110200.0
=008  020709s2002\\\\enk\\\\||\\\\|00|\||eng\\
=FMT  \\$a  BK
=015  \\$aGBA234770$2bnb
=019  0\$as676707009
=020  \\$a0862148618 (pbk.)
=040  \\$aUk$cUk
=082  04$a338.47546734$221
=084  \\$aJN 45$2blsrissc
=245  04$aThe economics of iodine.
=246  3\$aIodine 8
=250  \\$a8th ed.
=260  \\$aLondon :$bRoskill Information Services Ltd.,$cc2002.
=300  \\$a165, A47 p. :$bill. ;$c30 cm.
=336  \\$atext$2rdacontent
=337  \\$aunmediated$2rdamedia
=338  \\$avolume$2rdacarrier
=500  \\$aPrevious ed.: 1998.
=500  \\$aSpine title: Iodine 8.
=650  \0$aIodine.
=710  2\$aRoskill Information Services.
=852  71$aBritish Library$bSTI$cRES$k(XB)$hJN 45$2blsrissc
=957  \\$a020510c
=968  \\$cBR
=CAT  \\$aCONV$b00$c20040502$lBLL01$h1059
=CAT  \\$aBATCH$b00$c20091118$lBLL01$h0011
=CAT  \\$aWR12-140$c20121030$lBLL01$h1102
=FIN  \\$aY
=LEO  \\$aMP25SBR.0000000426
=SRC  \\$aSTI01$bbibmp25r.200404.2.aa
=STA  \\$aSUPPRESSED$bBusiness Reserve: STM
=LAS  \\$aWR12-140$b00$c20121030$lBLL01$h1102

