=LDR  01447 am a2200457ua 4500
=001  005398880
=003  Uk
=005  20121030110200.0
=008  020806s2000\\\\enk\\\\||\\\\|00|\||eng\\
=FMT  \\$a  BK
=015  \\$aGBA237154$2bnb
=019  0\$as676966004
=020  \\$c(spiral)
=040  \\$aUk$cUk
=082  04$a338.47646726$221
=084  \\$aLY 14$2blsrissc
=245  00$aFacial skincare.
=260  \\$aLondon :$bMintel International Group,$c2000.
=300  \\$a54 p. :$bill. ;$c30 cm.
=336  \\$atext$2rdacontent
=337  \\$aunmediated$2rdamedia
=338  \\$avolume$2rdacarrier
=490  1\$aMintel marketing intelligence
=650  \0$aMarket surveys$zGreat Britain.
=650  \0$aFace$xCare and hygiene$zGreat Britain$vStatistics.
=650  \0$aSkin$xCare and hygiene$zGreat Britain$vStatistics.
=710  2\$aMintel International Group Ltd.
=830  \0$aMintel marketing intelligence
=852  71$aBritish Library$bSTI$cRES$k(XB)$hLY 14$2blsrissc
=957  \\$a000706c
=968  \\$cBR
=CAT  \\$aCONV$b00$c20040502$lBLL01$h1059
=CAT  \\$aUE-01$b00$c20050929$lBLL01$h1410
=CAT  \\$aBATCH$b00$c20091118$lBLL01$h0011
=CAT  \\$aBATCH$b00$c20091216$lBLL01$h2208
=CAT  \\$aWR12-140$c20121030$lBLL01$h1102
=FIN  \\$aY
=LEO  \\$aMP25SBR.0000000430
=SRC  \\$aSTI01$bbibmp25r.200404.2.aa
=STA  \\$aSUPPRESSED$bBusiness Reserve: STM
=LAS  \\$aWR12-140$b00$c20121030$lBLL01$h1102

