=LDR  01225 am a2200421ua 4500
=001  005398898
=003  Uk
=005  20121030110200.0
=008  020806s2002\\\\enk\\\\||\\\\|00|\||eng\\
=FMT  \\$a  BK
=015  \\$aGBA238056$2bnb
=019  0\$as677133006
=040  \\$aUk$cUk
=082  04$a338.476151$221
=084  \\$aHE 92$2blsrissc
=245  00$aDrugs of tomorrow :$bpain.
=260  \\$aNew York ;$aLondon :$bDatamonitor,$cc2002.
=300  \\$a231 p. :$bill. ;$c32 cm.
=336  \\$atext$2rdacontent
=337  \\$aunmediated$2rdamedia
=338  \\$avolume$2rdacarrier
=500  \\$aIn ring-binder.
=500  \\$aReference code DMHC1749.
=650  \0$aMarket surveys.
=650  \0$aPharmaceutical industry.
=650  \0$aDrugs$xMarketing.
=710  2\$aDatamonitor (Firm)
=852  71$aBritish Library$bSTI$cRES$k(XB)$hHE 92$2blsrissc
=957  \\$a020524c
=968  \\$cBR
=CAT  \\$aCONV$b00$c20040502$lBLL01$h1059
=CAT  \\$aBATCH$b00$c20091118$lBLL01$h0011
=CAT  \\$aWR12-140$c20121030$lBLL01$h1102
=FIN  \\$aY
=LEO  \\$aMP25SBR.0000000448
=SRC  \\$aSTI01$bbibmp25r.200404.2.aa
=STA  \\$aSUPPRESSED$bBusiness Reserve: STM
=LAS  \\$aWR12-140$b00$c20121030$lBLL01$h1102

