=LDR  01493 am a2200469ua 4500
=001  005398911
=003  Uk
=005  20121030110200.0
=008  020806s2002\\\\enk\\\\||\\\\|00|\||eng\\
=FMT  \\$a  BK
=015  \\$aGBA240066$2bnb
=019  0\$as677266006
=020  \\$a1842641514 (pbk.)
=040  \\$aUk$cUk
=082  04$a330.940112$221
=084  \\$aAQ 90$2blsrissc
=245  00$aEuropean marketing forecasts 2002.
=250  \\$a4th ed.
=260  \\$aLondon :$bEuromonitor,$cc2002.
=300  \\$axxv, 587 p. ;$c30 cm.
=336  \\$atext$2rdacontent
=337  \\$aunmediated$2rdamedia
=338  \\$avolume$2rdacarrier
=500  \\$aPrevious ed. published as: European marketing forecasts 2000, 2000.
=650  \0$aEconomic forecasting$zEurope.
=651  \0$aEurope$xEconomic conditions$y21st century$vStatistics.
=651  \0$aEurope$xCommerce$vStatistics.
=651  \0$aEurope$xPopulation$vStatistics.
=710  2\$aEuromonitor PLC.
=740  0\$aEuropean marketing forecasts 2000.
=852  71$aBritish Library$bSTI$k(B)$hAQ 90$mBusiness$2blsrissc
=957  \\$a020530c
=968  \\$cBR
=CAT  \\$aCONV$b00$c20040502$lBLL01$h1059
=CAT  \\$aUE-01$b00$c20050902$lBLL01$h1132
=CAT  \\$aBATCH$b00$c20091118$lBLL01$h0011
=CAT  \\$aWR12-140$c20121030$lBLL01$h1102
=FIN  \\$aY
=LEO  \\$aMP25SBR.0000000461
=SRC  \\$aSTI01$bbibmp25r.200404.2.aa
=STA  \\$aSUPPRESSED$bBusiness Reserve: STM
=LAS  \\$aWR12-140$b00$c20121030$lBLL01$h1102

