=LDR  01345 am a2200433ua 4500
=001  005398924
=003  Uk
=005  20121030110200.0
=008  021203s2002\\\\enk\\\\||\\\\|00|\||eng\\
=FMT  \\$a  BK
=015  \\$aGBA245772$2bnb
=019  0\$as677968000
=020  \\$c(spiral)
=040  \\$aUk$cUk
=082  04$a332.10941$221
=084  \\$aAL 96$2blsrissc
=245  00$aPricing and competition in the financial sector.
=260  \\$aLondon :$bMintel International,$c2002.
=300  \\$a114 p. :$bill. ;$c30 cm.
=336  \\$atext$2rdacontent
=337  \\$aunmediated$2rdamedia
=338  \\$avolume$2rdacarrier
=490  0\$aMintel. Finance intelligence
=650  \0$aFinancial services industry$zGreat Britain.
=650  \0$aCompetition$zGreat Britain.
=650  \0$aMarket surveys$zGreat Britain.
=710  2\$aMintel International Group Ltd.
=852  71$aBritish Library$bSTI$cRES$k(XB)$hAL 96$2blsrissc
=957  \\$a020703c
=968  \\$cBR
=CAT  \\$aCONV$b00$c20040502$lBLL01$h1059
=CAT  \\$aUE-01$b00$c20050929$lBLL01$h1411
=CAT  \\$aBATCH$b00$c20091118$lBLL01$h0011
=CAT  \\$aWR12-140$c20121030$lBLL01$h1102
=FIN  \\$aY
=LEO  \\$aMP25SBR.0000000474
=SRC  \\$aSTI01$bbibmp25r.200404.2.aa
=STA  \\$aSUPPRESSED$bBusiness Reserve: STM
=LAS  \\$aWR12-140$b00$c20121030$lBLL01$h1102

