=LDR  01272 am a2200421ua 4500
=001  005398929
=003  Uk
=005  20121030110200.0
=008  030114s2002\\\\enk\\\\||\\\\|00|\||eng\\
=FMT  \\$a  BK
=015  \\$aGBA247702$2bnb
=019  0\$as678195005
=020  \\$c(spiral)
=040  \\$aUk$cUk
=082  04$a338.476479541$221
=084  \\$aAQ 95$2blsrissc
=245  00$aCorporate hospitality.
=260  \\$aLondon :$bMintel International,$c2002.
=300  \\$a54 p. :$bill. ;$c30 cm.
=336  \\$atext$2rdacontent
=337  \\$aunmediated$2rdamedia
=338  \\$avolume$2rdacarrier
=490  0\$aMintel. Leisure intelligence
=650  \0$aMarket surveys$zGreat Britain.
=650  \0$aBusiness entertaining$zGreat Britain.
=710  2\$aMintel International Group Ltd.
=852  71$aBritish Library$bSTI$cRES$k(XB)$hAQ 95$2blsrissc
=957  \\$a020712c
=968  \\$cBR
=CAT  \\$aCONV$b00$c20040502$lBLL01$h1059
=CAT  \\$aUE-01$b00$c20050929$lBLL01$h1411
=CAT  \\$aBATCH$b00$c20091118$lBLL01$h0011
=CAT  \\$aWR12-140$c20121030$lBLL01$h1102
=FIN  \\$aY
=LEO  \\$aMP25SBR.0000000479
=SRC  \\$aSTI01$bbibmp25r.200404.2.aa
=STA  \\$aSUPPRESSED$bBusiness Reserve: STM
=LAS  \\$aWR12-140$b00$c20121030$lBLL01$h1102

