=LDR  01291 am a2200421ua 4500
=001  005398941
=003  Uk
=005  20121030110200.0
=008  021105s2002\\\\enk\\\\||\\\\|00|\||eng\\
=FMT  \\$a  BK
=015  \\$aGBA255797$2bnb
=019  0\$as679156003
=020  \\$a1842642294 (pbk.)
=040  \\$aUk$cUk
=082  04$a330.956$221
=084  \\$aAM 40(ASI)$2blsrissc
=245  00$aConsumer Middle East 2002.
=260  \\$aLondon :$bEuromonitor,$cc2002.
=300  \\$axxxiv, 441 p. :$bmaps ;$c30 cm.
=336  \\$atext$2rdacontent
=337  \\$aunmediated$2rdamedia
=338  \\$avolume$2rdacarrier
=650  \0$aMarket surveys$zMiddle East.
=650  \0$aRetail trade$zMiddle East.
=651  \0$aMiddle East$xEconomic conditions$y1979-.
=710  2\$aEuromonitor PLC.
=852  71$aBritish Library$bSTI$cRES$k(XP)$hAM 40$m(ASI)$2blsrissc$3Earlier issues
=957  \\$a020624c
=968  \\$cBR
=CAT  \\$aCONV$b00$c20040502$lBLL01$h1059
=CAT  \\$aUE-01$b00$c20050902$lBLL01$h1132
=CAT  \\$aBATCH$b00$c20091118$lBLL01$h0011
=CAT  \\$aWR12-140$c20121030$lBLL01$h1102
=FIN  \\$aY
=LEO  \\$aMP25SBR.0000000491
=SRC  \\$aSTI01$bbibmp25r.200404.2.aa
=STA  \\$aSUPPRESSED$bBusiness Reserve: STM
=LAS  \\$aWR12-140$b00$c20121030$lBLL01$h1102

