=LDR  01297 am a2200421ua 4500
=001  005398952
=003  Uk
=005  20080327112655.0
=008  020910s2001\\\\enk\\\\||\\\\|00|\||eng\\
=FMT  \\$a  BK
=015  \\$aGBA256240$2bnb
=019  0\$as680062009
=020  \\$c(spiral)
=040  \\$aUk$cUk
=082  04$a381.4539130941$221
=084  \\$aMQ 77$2blsrissc
=245  00$aVerdict on - childrenswear retailers 2001.
=260  \\$aLondon :$bVerdict Research,$cc2001.
=300  \\$aviii, 157 p. :$bill. ;$c30 cm.
=336  \\$atext$2rdacontent
=337  \\$aunmediated$2rdamedia
=338  \\$avolume$2rdacarrier
=650  \0$aChildren's clothing industry$zGreat Britain.
=650  \0$aRetail trade surveys$zGreat Britain.
=710  2\$aVerdict Research
=852  71$aBritish Library$bSTI$cRES$k(XB)$hMQ 77$2blsrissc
=957  \\$a020531c
=968  \\$cBR
=CAT  \\$aCONV$b00$c20040502$lBLL01$h1059
=CAT  \\$a5100$b40$c20040611$lBLL01$h1154
=CAT  \\$a8874$b40$c20080327$lBLL01$h1126
=CAT  \\$aBATCH$b00$c20091118$lBLL01$h0011
=CAT  \\$aWR12-140$c20121030$lBLL01$h1102
=FIN  \\$aY
=LEO  \\$aMP25SBR.0000000502
=SRC  \\$aSTI01$bbibmp25r.200404.2.aa
=STA  \\$aSUPPRESSED$bBusiness Reserve: STM
=LAS  \\$aWR12-140$b00$c20121030$lBLL01$h1102

