=LDR  01331 am a2200433ua 4500
=001  005398976
=003  Uk
=005  20121030110200.0
=008  030114s2002\\\\enk\\\\||\\\\|00|\||eng\\
=FMT  \\$a  BK
=015  \\$aGBA259085$2bnb
=019  0\$as680142002
=020  \\$c(spiral)
=040  \\$aUk$cUk
=082  04$a338.47795380941$221
=084  \\$aAK 56$2blsrissc
=245  00$aNational lottery :$bleisure intelligence.
=246  3\$a2002 leisure August
=260  \\$aLondon :$bMintel International Group,$c2002.
=300  \\$a2, 76 p. :$bill. ;$c30 cm.
=336  \\$atext$2rdacontent
=337  \\$aunmediated$2rdamedia
=338  \\$avolume$2rdacarrier
=500  \\$aSpine title: 2002 leisure August.
=650  \0$aMarket surveys$zGreat Britain.
=650  \0$aLotteries$zGreat Britain.
=710  2\$aMintel International Group Ltd.
=852  71$aBritish Library$bSTI$cRES$k(XB)$hAK 56$2blsrissc
=957  \\$a020829c
=968  \\$cBR
=CAT  \\$aCONV$b00$c20040502$lBLL01$h1059
=CAT  \\$aUE-01$b00$c20050929$lBLL01$h1411
=CAT  \\$aBATCH$b00$c20091118$lBLL01$h0011
=CAT  \\$aWR12-140$c20121030$lBLL01$h1102
=FIN  \\$aY
=LEO  \\$aMP25SBR.0000000526
=SRC  \\$aSTI01$bbibmp25r.200404.2.aa
=STA  \\$aSUPPRESSED$bBusiness Reserve: STM
=LAS  \\$aWR12-140$b00$c20121030$lBLL01$h1102

