=LDR  01175 am a2200397ua 4500
=001  005398981
=003  Uk
=005  20121030110200.0
=008  021008s2002\\\\enk\\\\||\\\\|00|\||eng\\
=FMT  \\$a  BK
=015  \\$aGBA260564$2bnb
=019  0\$as68023800x
=020  \\$c(spiral)
=040  \\$aUk$cUk
=082  04$a381.1480941$221
=084  \\$aAL 931$2blsrissc
=245  00$aVerdict on_ non-food in grocers 2002.
=260  \\$aLondon :$bVerdict Research,$cc2002.
=300  \\$avii, 179 leaves ;$c30 cm.
=336  \\$atext$2rdacontent
=337  \\$aunmediated$2rdamedia
=338  \\$avolume$2rdacarrier
=650  \0$aSupermarkets$zGreat Britain.
=650  \0$aMarket surveys$zGreat Britain.
=650  \0$aRetail trade$zGreat Britain.
=852  71$aBritish Library$bSTI$k(XB)$hAL 931$2blsrissc
=957  \\$a020911c
=968  \\$cBR
=CAT  \\$aCONV$b00$c20040502$lBLL01$h1059
=CAT  \\$aBATCH$b00$c20091118$lBLL01$h0011
=CAT  \\$aWR12-140$c20121030$lBLL01$h1102
=FIN  \\$aY
=LEO  \\$aMP25SBR.0000000531
=SRC  \\$aSTI01$bbibmp25r.200404.2.aa
=STA  \\$aSUPPRESSED$bBusiness Reserve: STM
=LAS  \\$aWR12-140$b00$c20121030$lBLL01$h1102

