=LDR  01565 am a2200469ua 4500
=001  005399008
=003  Uk
=005  20121030110200.0
=008  021008s2000\\\\enk\\\\||\\\\|00|\||eng\\
=FMT  \\$a  BK
=015  \\$aGBA103209$2bnb
=019  0\$as680403000
=020  \\$c(pbk.)
=040  \\$aUk$cUk
=082  04$a381.4566760941$221
=084  \\$aMA 252$2blsrissc
=245  00$aReport on the trade decorative paint market in Great Britain.
=246  3\$aTrade decorative paint market in Great Britain
=250  \\$a2000 ed.
=260  \\$aSurbiton :$bPalmer Market Research,$cc2000.
=300  \\$a95 leaves :$bill. ;$c31 cm.
=336  \\$atext$2rdacontent
=337  \\$aunmediated$2rdamedia
=338  \\$avolume$2rdacarrier
=500  \\$aPrevious ed.: 1998.
=500  \\$aCover title: The trade decorative paint market in Great Britain.
=650  \0$aPaint industry and trade$zGreat Britain$vStatistics.
=650  \0$aPaint industry and trade$zGreat Britain$xStatistics.
=650  \0$aMarket surveys$zGreat Britain.
=710  2\$aPalmer Market Research Ltd.
=852  71$aBritish Library$bSTI$k(B)$hMA 252$mBusiness$2blsrissc
=957  \\$a001208c
=968  \\$cBR
=CAT  \\$aCONV$b00$c20040502$lBLL01$h1059
=CAT  \\$a11306$b40$c20050113$lBLL01$h0830
=CAT  \\$aBATCH$b00$c20091118$lBLL01$h0011
=CAT  \\$aWR12-140$c20121030$lBLL01$h1102
=FIN  \\$aY
=LEO  \\$aMP25SBR.0000000558
=SRC  \\$aSTI01$bbibmp25r.200404.2.aa
=STA  \\$aSUPPRESSED$bBusiness Reserve: STM
=LAS  \\$aWR12-140$b00$c20121030$lBLL01$h1102

