=LDR  01302 am a2200409ua 4500
=001  005399018
=003  Uk
=005  20121030110200.0
=008  021008s2001\\\\enk\\\\||\\\\|00|\||eng\\
=FMT  \\$a  BK
=015  \\$aGBA116734$2bnb
=019  0\$as680432000
=020  \\$a1903079322 (pbk.)
=040  \\$aUk$cUk
=082  04$a338.47683094$221
=084  \\$aAL 6405$2blsrissc
=245  00$aDIY retailing in Europe.
=260  \\$aLondon :$bRetail Intelligence,$c2001.
=300  \\$a525 p. :$bill., maps ;$c30 cm.
=336  \\$atext$2rdacontent
=337  \\$aunmediated$2rdamedia
=338  \\$avolume$2rdacarrier
=650  \0$aRetail trade surveys$zEurope.
=650  \0$aDo-it-yourself products industry$xEconomic aspects$zEurope.
=650  \0$aDo-it-yourself products industry$xEconomic aspects$zEurope$vStatistics.
=710  2\$aRetail Intelligence (Firm)
=852  71$aBritish Library$bSTI$cRES$k(XB)$hAL 6405$2blsrissc
=957  \\$a010302c
=968  \\$cBR
=CAT  \\$aCONV$b00$c20040502$lBLL01$h1059
=CAT  \\$aBATCH$b00$c20091118$lBLL01$h0011
=CAT  \\$aWR12-140$c20121030$lBLL01$h1102
=FIN  \\$aY
=LEO  \\$aMP25SBR.0000000568
=SRC  \\$aSTI01$bbibmp25r.200404.2.aa
=STA  \\$aSUPPRESSED$bBusiness Reserve: STM
=LAS  \\$aWR12-140$b00$c20121030$lBLL01$h1102

