=LDR  01415 am a2200445ua 4500
=001  005399061
=003  Uk
=005  20121030110200.0
=008  031007s2003\\\\enk\\\\||\\\\|00|\||eng\\
=FMT  \\$a  BK
=015  \\$aGBA354869$2bnb
=019  0\$as687847001
=020  \\$c(pbk.)
=040  \\$aUk$cUk
=082  04$a658.8342$221
=245  00$aDeveloping the retail proposition :$bstimulating tomorrow's shopper.
=260  \\$aLondon :$bMintel,$c2003.
=300  \\$a176 p. :$bill. ;$c30 cm.
=336  \\$atext$2rdacontent
=337  \\$aunmediated$2rdamedia
=338  \\$avolume$2rdacarrier
=490  1\$aSpecial report
=650  \0$aConsumer behavior$zGreat Britain.
=650  \0$aConsumer behavior$zGreat Britain$vStatistics.
=650  \0$aRetail trade$zGreat Britain.
=650  \0$aMarket surveys$zGreat Britain.
=710  2\$aMintel International Group Ltd.
=830  \0$aSpecial report (Mintel International Group)
=852  71$aBritish Library$bSTI$cRES$k(XB)$hAL 93$2blsrissc
=957  \\$a030709c
=968  \\$cBR
=CAT  \\$aCONV$b00$c20040502$lBLL01$h1059
=CAT  \\$aUE-01$b00$c20050929$lBLL01$h1412
=CAT  \\$aBATCH$b00$c20091118$lBLL01$h0011
=CAT  \\$aWR12-140$c20121030$lBLL01$h1102
=FIN  \\$aY
=LEO  \\$aMP25SBR.0000000611
=SRC  \\$aSTI01$bbibmp25r.200404.2.aa
=STA  \\$aSUPPRESSED$bBusiness Reserve: STM
=LAS  \\$aWR12-140$b00$c20121030$lBLL01$h1102

