=LDR  01492 am a2200469ua 4500
=001  005399067
=003  Uk
=005  20160204133600.0
=008  040113s2003\\\\enk\\\\||\\\\|00|\||eng\\
=FMT  \\$a  BK
=015  \\$aGBA402139$2bnb
=019  0\$as692033009
=020  \\$c(pbk.)
=040  \\$aUk$cUk
=082  04$a338.47796042$222
=245  00$aExtreme sports.
=260  \\$aLondon :$bMintel International Group,$c2003.
=300  \\$aii, 63 p. :$bill. ;$c30 cm.
=336  \\$atext$2rdacontent
=337  \\$aunmediated$2rdamedia
=338  \\$avolume$2rdacarrier
=490  1\$aMintel leisure intelligence
=650  \0$aMarket surveys$zGreat Britain.
=650  \0$aExtreme sports$zGreat Britain.
=650  \0$aExtreme sports$zGreat Britain$vStatistics.
=650  \0$aRecreational surveys$zGreat Britain.
=710  2\$aMintel International Group Ltd.
=830  \0$aMintel leisure intelligence.
=852  71$aBritish Library$bSTI$cRES$k(XB)$hAK 60$2blsrissc
=957  \\$a031120c
=968  \\$cBR
=CAT  \\$aCONV$b00$c20040502$lBLL01$h1059
=CAT  \\$aUE-01$b00$c20050929$lBLL01$h1412
=CAT  \\$aBATCH$b00$c20091118$lBLL01$h0011
=CAT  \\$aBATCH$b00$c20091216$lBLL01$h2208
=CAT  \\$aWR12-140$c20121030$lBLL01$h1102
=CAT  \\$aBATCH-UPD$b00$c20160204$lBLL01$h1336
=FIN  \\$aY
=LEO  \\$aMP25SBR.0000000617
=SRC  \\$aSTI01$bbibmp25r.200404.2.aa
=STA  \\$aSUPPRESSED$bBusiness Reserve: STM
=LAS  \\$aBATCH-UPD$b00$c20160204$lBLL01$h1336

