=LDR  01033 as a22003013  4500
=001  005566220
=003  Uk
=005  20171203101300.0
=008  040416u\\\\\\\\rm\b|||||||||||||||0rum\\
=FMT  \\$a  SE
=022  \\$a1582-9871
=245  00$aREVISTA ROMANA DE PROPRIETATE INDUSTRIALA -CD ROM EDITION-
=336  \\$atext$2rdacontent
=337  \\$aunmediated$2rdamedia
=338  \\$avolume$2rdacarrier
=852  11$aBritish Library$bSTI$k(TP)$hBK 75$m(RO4) -F(1)$3Number 1-2 (2003)
=985  \\$aCorrected by BSS-generated file for WR# 10/166
=A02  \\$a3018505$z0
=CAT  \\$aCONV$b00$c20040502$lBLL01$h1105
=CAT  \\$aBATCH$b00$c20091206$lBLL01$h0035
=CAT  \\$aBATCH$b00$c20091213$lBLL01$h2346
=CAT  \\$aBATCH$b00$c20091216$lBLL01$h0023
=CAT  \\$aBLSS-CORR$b00$c20101119$lBLL01$h1713
=CAT  \\$aW1711-1225$c20171203$lBLL01$h1013
=SRC  \\$aDSS03$bbibsr.200404.2.aa
=STA  \\$aSUPPRESSED$bunable to determine reason for suppression
=TCO  \\$aXXX$c008
=LAS  \\$aW1711-1225$b00$c20171203$lBLL01$h1013

