=LDR  00722 cm a22002173i 4500
=001  019724120
=003  Uk
=005  20200224161613.0
=008  200224s\\\\\\\\\\\\\\|\\\\\\\\\\\\\\\\\\
=FMT  \\$a  MU
=245  10$aDas deutsche Kirchenlied :$bAbteilung II, Geistliche Gesänge des deutschen Mittelalters.
=264  \1$aKassel :$bBärenreiter.
=336  \\$anotated music$2rdacontent
=337  \\$aunmediated$2rdamedia
=338  \\$avolume$2rdacarrier
=500  \\$aUmbrella record
=852  41$aBritish Library$bHMNTS$cSPHOA$kMUS$h780.16$3Band 1-
=CAT  \\$a9465$b40$c20200224$lBLL01$h1612
=CAT  \\$a9465$b40$c20200224$lBLL01$h1616
=STA  \\$aSUPPRESSED$bAcquisitions Use Only
=LAS  \\$a9465$b40$c20200224$lBLL01$h1616

