=LDR  03131cas a2200709   4500
=001  019749879
=003  Uk
=005  20221231235022.0
=007  ta
=008  831025c20209999sz\\x\p\\\\\\\0\\\b0mul\\
=FMT  \\$a  SE
=040  \\$aUk$cUk$dUk
=041  0\$aeng$afre
=082  04$a621.3$222
=084  \\$aRG 16$2blsrissc
=130  0\$aPublication (International Electrotechnical Commission)
=245  10$aPublication 2020- [LSR] /$cInternational Electrotechnical Commission = Publication / Commission Electrotechnique Internationale.
=246  1\$iSome vols. have added French title:$aFascicule
=246  3\$aIEC publications
=246  3\$aNorme internationale
=246  3\$aInternational standard
=246  3\$aIEC standard
=246  3\$aIEC/TR
=246  3\$aNorme de la CEI
=246  3\$aTechnical report
=246  3\$aRapport technique
=260  \\$aLondon :$bIEC
=260  3\$aGenève :$bCEI/IEC
=300  \\$av. ;$c28-30 cm.
=310  \\$aIrregular
=336  \\$atext$2rdacontent
=337  \\$aunmediated$2rdamedia
=338  \\$avolume$2rdacarrier
=546  \\$aEnglish and French.
=500  \\$a"Publication" not printed on issues, <1996->
=500  \\$aEach publication has a distinctive title and report number, retained through revisions.
=500  \\$aEach title may be issued in two sub-series: Norme de la CEI = IEC standard, later changed to Norme internationale = International standard; and, Rapport technique = Technical report.
=515  \\$aFrom 1 Jan. 1997, all IEC publications are issued with designation in 60000 series, for example report 34-1 became IEC 60034-1.
=540  \\$aCurrent Copyright Fee: GBP25.00$c0$5Uk
=650  \0$aElectrical engineering$vPeriodicals.
=650  \0$aElectrical engineering$xStandards$vPeriodicals.
=650  \0$aElectronic apparatus and appliances$vPeriodicals.
=650  \0$aElectronic apparatus and appliances$xStandards$vPeriodicals.
=710  2\$aInternational Electrotechnical Commission.
=852  71$aBritish Library$bSTI$k(P)$hRG 16$m-E(1)$2blsrissc$32020-
=852  71$aBritish Library$bSTI$k(TP)$hRG 16$m-E(1)$2blsrissc$32020 -***Accompanying electronic software
=945  \\$aPublication- International Electrotechnical Commission
=959  \\$fHeld but not currently received
=985  \\$aDQ DO NOT MERGE - LARGE SERIAL RECORD
=CAT  \\$a10932$b40$c20200316$lBLL01$h1132
=CAT  \\$aBATCH-CLA$b00$c20201204$lBLL01$h1618
=CAT  \\$aIPL-CLA$c20201231$lBLL01$h2353
=CAT  \\$aBATCH-CLA$b00$c20221221$lBLL01$h1937
=CAT  \\$aIPL-CLA$c20221231$lBLL01$h2350
=CFI  0\$aCurrent Copyright Fee: GBP25.00$c0$e01-jan-2023$fGBP25.00$g0$hA$5Uk
=CFI  2\$aPrevious Copyright Fee: GBP22.50$c0$e01-jan-2021$fGBP22.50$g0$hA$5Uk
=EXP  \\$aX
=LKR  \\$aPAR$b015750096$lBLL01$mPublication 2020- [LSR]$nPublication 2011-2019 [LSR]
=STA  \\$aSUPPRESSED$bLarge Serial Record
=ACF  \\$aPrevious Copyright Fee: GBP17.50$c0$e01-jan-2018$fGBP17.50$g0$hA$5Uk
=ACF  \\$aPrevious Copyright Fee: GBP20.00$c0$e01-jan-2020$fGBP20.00$g0$hA$5Uk
=LAS  \\$aIPL-CLA$b00$c20221231$lBLL01$h2350

