=LDR  02288 as a22005537a 4500
=001  013603698
=003  Uk
=005  20061116090042.0
=008  061116d19971999tu\ar\p\\\\\\\0\\\a0tur\\
=022  \\$a1301-4293
=040  \\$aUk$beng$cUk
=245  00$aWords and silences: Theory and method.
=246  33$aBulletin of International Oral History Association
=260  \\$aIstanbul :$bBoğaziçi Üniversitesi,$c1997.
=336  \\$atext$2rdacontent
=337  \\$aunmediated$2rdamedia
=338  \\$avolume$2rdacarrier
=540  \\$aBritish Library not licensed to copy$c0$5Uk
=595  \\$aCONTD AS 9347.963200N. See card index
=852  41$aBritish Library$bHMNTS$cSPHOA$kHUS$h050.$32000, no. 6 (Apr) - .
=945  \\$aWords and silences -ISTANBUL-
=979  \\$aBritish Library$cDSC$j9347.963300N
=ACF  \\$aPrevious copyright fee: GBP9.00$c0$e01-apr-2010$fGBP9.00$g0$hA$5Uk
=ACF  \\$aPrevious copyright fee: GBP6.00$c0$e01-apr-2008$fGBP6.00$g0$hA$5Uk
=ACF  \\$aPrevious copyright fee: GBP5.00$c0$e16-nov-2006$fGBP5.00$g0$hA$5Uk
=CAT  \\$a6810$b40$c20061116$lBLL01$h0900
=CAT  \\$aBATCH-UPD$b40$c20080223$lBLL01$h2244
=CAT  \\$aBATCH-UPD$b40$c20080226$lBLL01$h0206
=CAT  \\$aBATCH-UPD$b40$c20080330$lBLL01$h0816
=CAT  \\$aBATCH-UPD$b40$c20080330$lBLL01$h1610
=CAT  \\$aBATCH$b00$c20080330$lBLL01$h2310
=CAT  \\$aBATCH-UPD$b00$c20100226$lBLL01$h0148
=CAT  \\$aBATCH-UPD$b00$c20100331$lBLL01$h2341
=CAT  \\$aBATCH-UPD$b00$c20100401$lBLL01$h0258
=CAT  \\$aBATCH$b00$c20100401$lBLL01$h0601
=CAT  \\$aBATCH$b00$c20100401$lBLL01$h1634
=CAT  \\$aBATCH-UPD$b00$c20101124$lBLL01$h1948
=CAT  \\$aBATCH-UPD$b00$c20101125$lBLL01$h1215
=CAT  \\$aIPL-CLA$c20101231$lBLL01$h1520
=CAT  \\$aBATCH-UPD$b00$c20110907$lBLL01$h1828
=CAT  \\$aIPL-CLA$c20110908$lBLL01$h1743
=CAT  \\$aBATCH-CLA$b00$c20121109$lBLL01$h1726
=CAT  \\$aW1711-1225$c20171203$lBLL01$h1025
=CFI  0\$aBritish Library not licensed to copy$c0$e07-sep-2011$hC$iTX$5Uk
=CFI  2\$aPrevious copyright fee: GBP10.50$c0$e01-jan-2011$fGBP10.50$g0$hA$5Uk
=FMT  \\$a  SE
=LAS  \\$aW1711-1225$b00$c20171203$lBLL01$h1025
=STA  \\$aSUPPRESSED$bunable to determine reason for suppression
=TCO  \\$aXXX$c008

