=LDR  02558 am a2200469 a 4500
=001  013677220
=003  Uk
=005  20070220161108.0
=008  050630s2004\\\\flu\\\\\\n\\\\001\0\eng\d
=010  \\$a2005560910
=020  \\$a0757924018
=035  \\$a(OCoLC)ocm57418779
=035  \\$a(DLC)2005560910
=040  \\$aCIN$cCIN$dOCLCQ$dDLC$dUk
=042  \\$alccopycat
=050  00$aML128.C4$bW56 2004
=082  00$a016.7858$222
=100  1\$aWinther, Rodney.
=245  13$aAn annotated guide to wind chamber music :$bfor six to eighteen players /$cby Rodney Winther.
=260  \\$aMiami, FL :$bWarner Bros. Publications,$cc2004.
=300  \\$aviii, 439 p. ;$c26 cm.
=336  \\$atext$2rdacontent
=337  \\$aunmediated$2rdamedia
=338  \\$avolume$2rdacarrier
=500  \\$a"This book is intended to be a quick and handy reference guide for those people (conductors, coaches and performers) who need to find chamber music literature for a specific instrumentation"--Pref.
=505  0\$aPreface -- Author's note -- Author's list of top 101 compositions -- General index by composer, title and instrumentation -- Ensembles with six players -- Ensembles with seven players -- Ensembles with eight players -- Ensembles with nine players -- Ensembles with ten players -- Ensembles with eleven players -- Ensembles with twelve players -- Ensembles with thirteen players -- Ensembles with fourteen players -- Ensembles with fifteen players -- Ensembles with sixteen players -- Ensembles with seventeen players -- Ensembles with eighteen players -- Wind chamber music with soloist(s) -- Wind chamber music with voices -- Appendices: End notes -- General index by composer, title and page number -- General index by instrumentation, composer, title and page number -- Publisher information.
=650  \0$aChamber music$vBibliography.
=650  \0$aChamber music$xInstruction and study.
=650  \0$aWind instrument music$vBibliography.
=650  \0$aWind instruments$xInstruction and study.
=650  \0$aWind instrument with instrumental ensemble$vBibliography.
=650  \0$aWind ensembles$vBibliography.
=852  41$aBritish Library$bHMNTS$cSPHOA$kMUS$h784.8
=CAT  \\$a11814$b40$c20070220$lBLL01$h1252
=CAT  \\$a11814$b40$c20070220$lBLL01$h1446
=CAT  \\$a11814$b40$c20070220$lBLL01$h1611
=CAT  \\$aW1711-1225$c20171203$lBLL01$h1026
=FIN  \\$aY$d20070220
=FMT  \\$a  BK
=LAS  \\$aW1711-1225$b00$c20171203$lBLL01$h1026
=SID  \\$aZ39$bCURL
=STA  \\$aSUPPRESSED$bunable to determine reason for suppression

