=LDR  01066 am a22002533a 4500
=001  015300209
=003  Uk
=005  20200417184020.0
=008  090629s\\\\\\\\\\\\\\\\\\\\\\\0\\\\eng\\
=245  \4$aThe 2009 value added scoreboard :$bthe top 800 UK and 750 European companies by value added.
=260  \\$aLondon :$bDepartment for Business, Innovation & Skills,$c2009.
=336  \\$atext$2rdacontent
=337  \\$aunmediated$2rdamedia
=338  \\$avolume$2rdacarrier
=852  11$aBritish Library$bSTI$cBIPC$k(B) MKT$h338.7094$mBusiness$3Accompanying CD-ROM at (TB) MKT 338.7094 Business
=852  11$aBritish Library$bSTI$cBIPC$k(TB) MKT$h338.7094$mBusiness$3Accompanying CD-ROM
=985  \\$aUpgraded by BSS-generated file for WR1910-0531
=CAT  \\$a10902$b40$c20090629$lBLL01$h1053
=CAT  \\$a10902$b40$c20090629$lBLL01$h1054
=CAT  \\$aW1711-1225$c20171203$lBLL01$h1034
=CAT  \\$aW1910-0531$b00$c20200417$lBLL01$h1840
=FMT  \\$a  BK
=LAS  \\$aW1910-0531$b00$c20200417$lBLL01$h1840
=STA  \\$aSUPPRESSED$bunable to determine reason for suppression

