=LDR  04424cas a2200973   4500
=001  015750096
=003  Uk
=005  20221231230202.0
=007  ta
=008  831025d20112019sz\\x\p\\\\\\\0\\\b0mul\\
=FMT  \\$a  SE
=040  \\$aUk$cUk$dUk
=041  0\$aeng$afre
=082  04$a621.3$222
=084  \\$aRG 16$2blsrissc
=130  0\$aPublication (International Electrotechnical Commission)
=245  10$aPublication 2011-2019 [LSR] /$cInternational Electrotechnical Commission = Publication / Commission Electrotechnique Internationale.
=246  1\$iSome vols. have added French title:$aFascicule
=246  3\$aIEC publications
=246  3\$aNorme internationale
=246  3\$aInternational standard
=246  3\$aIEC standard
=246  3\$aIEC/TR
=246  3\$aNorme de la CEI
=246  3\$aTechnical report
=246  3\$aRapport technique
=260  \\$aLondon :$bIEC
=260  3\$aGenève :$bCEI/IEC
=300  \\$av. ;$c28-30 cm.
=310  \\$aIrregular
=336  \\$atext$2rdacontent
=337  \\$aunmediated$2rdamedia
=338  \\$avolume$2rdacarrier
=546  \\$aEnglish and French.
=500  \\$a"Publication" not printed on issues, <1996->
=500  \\$aEach publication has a distinctive title and report number, retained through revisions.
=500  \\$aEach title may be issued in two sub-series: Norme de la CEI = IEC standard, later changed to Norme internationale = International standard; and, Rapport technique = Technical report.
=515  \\$aFrom 1 Jan. 1997, all IEC publications are issued with designation in 60000 series, for example report 34-1 became IEC 60034-1.
=540  \\$aCurrent Copyright Fee: GBP25.00$c0$5Uk
=650  \0$aElectrical engineering$vPeriodicals.
=650  \0$aElectrical engineering$xStandards$vPeriodicals.
=650  \0$aElectronic apparatus and appliances$vPeriodicals.
=650  \0$aElectronic apparatus and appliances$xStandards$vPeriodicals.
=710  2\$aInternational Electrotechnical Commission.
=852  71$aBritish Library$bSTI$k(P)$hRG 16$m-E(1)$2blsrissc$32011-2019
=852  71$aBritish Library$bSTI$k(TP)$hRG 16$m-E(1)$2blsrissc$3Accompanying electronic software
=945  \\$aPublication- International Electrotechnical Commission
=985  \\$aDQ DO NOT MERGE - LARGE SERIAL RECORD
=CAT  \\$a10932$b40$c20110209$lBLL01$h1130
=CAT  \\$a10932$b40$c20110209$lBLL01$h1300
=CAT  \\$aWR11_203$c20111204$lBLL01$h1516
=CAT  \\$aIPL-CLA$c20111230$lBLL01$h2036
=CAT  \\$aBATCH-UPD$b00$c20121030$lBLL01$h1026
=CAT  \\$aBATCH-CLA$b00$c20121109$lBLL01$h1720
=CAT  \\$aBATCH-CLA$c20131220$lBLL01$h2110
=CAT  \\$aIPL-CLA$c20140101$lBLL01$h0141
=CAT  \\$aBATCH-CLA$b00$c20161222$lBLL01$h1832
=CAT  \\$aIPL-CLA$c20161230$lBLL01$h2351
=CAT  \\$aBATCH-CLA$b00$c20171222$lBLL01$h2206
=CAT  \\$aIPL-CLA$c20171231$lBLL01$h1806
=CAT  \\$aBATCH-CLA$b00$c20191219$lBLL01$h1756
=CAT  \\$aIPL-CLA$c20191231$lBLL01$h2026
=CAT  \\$aR2001-1524$c20200127$lBLL01$h2052
=CAT  \\$a10932$b40$c20200316$lBLL01$h1134
=CAT  \\$a7764$b40$c20200814$lBLL01$h1407
=CAT  \\$aBATCH-CLA$b00$c20201204$lBLL01$h1606
=CAT  \\$aIPL-CLA$c20201231$lBLL01$h2326
=CAT  \\$aBATCH-CLA$b00$c20221221$lBLL01$h1922
=CAT  \\$aIPL-CLA$c20221231$lBLL01$h2302
=CFI  0\$aCurrent Copyright Fee: GBP25.00$c0$e01-jan-2023$fGBP25.00$g0$hA$5Uk
=CFI  2\$aPrevious Copyright Fee: GBP22.50$c0$e01-jan-2021$fGBP22.50$g0$hA$5Uk
=EXP  \\$aX
=LKR  \\$aPAR$b007196311$lBLL01$mPublication 2011-2019 [LSR]$nPublication 1906-2010 [LSR]
=STA  \\$aSUPPRESSED$bLarge Serial Record
=TCO  \\$aCHE$bPRO LITTERIS$c008
=ACF  \\$aPrevious copyright fee: GBP9.00$c0$e01-apr-2010$fGBP9.00$g0$hA$5Uk
=ACF  \\$aPrevious copyright fee: GBP6.00$c0$e06-apr-2009$fGBP6.00$g0$hA$5Uk
=ACF  \\$aPrevious copyright fee: GBP10.50$c0$e01-jan-2011$fGBP10.50$g0$hA$5Uk
=ACF  \\$aPrevious copyright fee: GBP12.00$c0$e01-jan-2012$fGBP12.00$g0$hA$5Uk
=ACF  \\$aPrevious Copyright Fee: GBP12.30$c0$e01-jan-2014$fGBP12.30$g0$hA$5Uk
=ACF  \\$aPrevious Copyright Fee: GBP15.00$c0$e01-jan-2017$fGBP15.00$g0$hA$5Uk
=ACF  \\$aPrevious Copyright Fee: GBP17.50$c0$e01-jan-2018$fGBP17.50$g0$hA$5Uk
=ACF  \\$aPrevious Copyright Fee: GBP20.00$c0$e01-jan-2020$fGBP20.00$g0$hA$5Uk
=LAS  \\$aIPL-CLA$b00$c20221231$lBLL01$h2302

