=LDR  01945 am a2200469 a 4500
=001  015775308
=003  Uk
=005  20120202111501.0
=008  100603s2010\\\\cc\a\\\\\d\\\\001\0\chi\d
=020  \\$a9787806825730
=020  \\$a9787806825006 (set) :$cRMB2,000.00
=020  \\$a7806825002
=035  \\$a(OCoLC)636381185
=040  \\$aUk$beng$cUk
=042  \\$aukblsr
=245  00$6880-01$aHan yu da zi dian :$bdi er ban, jiu juan ben = Hanyu da zidian /$cHan yu da zi dian bian ji wei yuan hui bian zuan.
=246  31$aHanyu da zidian
=246  3\$aHan yu da zi dian : di 2 ban, 9 juan ben
=250  \\$6880-02$aDi 2 ban.
=260  \\$6880-03$aChengdu Shi :$bSichuan ci shu chu ban she ;$aWuhan :$bChong wen shu ju,$c2010.
=300  \\$a9 v. (20, 5727 p.) :$bill. ;$c27 cm.
=336  \\$atext$2rdacontent
=337  \\$aunmediated$2rdamedia
=338  \\$avolume$2rdacarrier
=500  \\$6880-04$a"Ben zi dian gong shou lu Han yu kai shu dan zi 60370 ge" -- Fan li (v. 1).
=504  \\$aIncludes bibliographical references (p. 5243-5350) and indexes.
=650  \0$aChinese language$vDictionaries.
=710  2\$6880-05$aHan yu da zi dian bian ji wei yuan hui
=852  41$aBritish Library$bOC$cSPHOA$kOIK$h495.13
=880  00$6245-01$a漢語大字典 :$b第二版, 九卷本 = Hanyu da zidian /$c漢語大字典編輯委員會编纂.
=880  \\$6250-02$a第2版.
=880  \\$6260-03$a成都市 :$b四川辭書出版社 ;$a武漢 :$b崇文書局,$c2010.
=880  \\$6500-04$a"本字典共收录汉语楷书单字60370个" -- 凡例 (v. 1).
=880  2\$6710-05$a漢語大字典編輯委員會.
=CAT  \\$a10503$b40$c20110322$lBLL01$h1116
=CAT  \\$a11837$b40$c20120202$lBLL01$h1115
=CAT  \\$aBATCH-UPD$b40$c20120202$lBLL01$h1116
=CAT  \\$aWR12170$c20121116$lBLL01$h1704
=FMT  \\$a  BK
=LAS  \\$aWR12170$b00$c20121116$lBLL01$h1704
=SID  \\$aZ39$bOCLC
=STA  \\$aSUPPRESSED$bPreliminary Record

