=LDR  03727cas a2200865 a 4500
=001  014053474
=003  Uk
=005  20221231215049.0
=007  ta
=008  071004c20079999enkuu\p\\\\\\\0\\\a0eng\\
=FMT  \\$a  SE
=040  \\$aUk$beng$cUk
=042  \\$aukblsr
=082  04$a368.1$222
=110  2\$aFM Global (Firm)
=240  10$aReason (Windsor, Berkshire, England)
=245  10$aReason :$bproperty risk and insurance solutions for a complex world.
=260  \\$aWindsor :$bFM Global,$c[2007]-.
=300  \\$av. :$bcol. ill., col. ports. ;$c28 cm.
=336  \\$atext$2rdacontent
=337  \\$aunmediated$2rdamedia
=338  \\$avolume$2rdacarrier
=362  1\$aBegan with Mar. 2007 issue.
=595  \\$aSee Card Index
=500  \\$aDescription based on: June 2007 issue.
=540  \\$aCurrent Copyright Fee: GBP25.00$c0$5Uk
=610  20$aFM Global (Firm)$vPeriodicals.
=650  \0$aInsurance, Property$vPeriodicals.
=650  \0$aRisk (Insurance)$vPeriodicals.
=690  7\$aManagement and Business Studies$2blcoll
=852  11$aBritish Library$bSTI$cBIPC$k(P)$h368.1$m-E(1) Business$3Mar. (2007)-issue 1 (Jun.2019)***Last 4 years
=945  \\$aReason -FM Global-
=979  \\$aBritish Library$bDSC$j7303.570300N$xDSC Not Selected
=CAT  \\$a8323$b40$c20071004$lBLL01$h0831
=CAT  \\$aBATCH-UPD$b40$c20100401$lBLL01$h0301
=CAT  \\$aBATCH$b00$c20100401$lBLL01$h0605
=CAT  \\$aBATCH$b00$c20100401$lBLL01$h1637
=CAT  \\$aBATCH690$c20100715$lBLL01$h2104
=CAT  \\$aBATCH-MBS$c20100716$lBLL01$h2049
=CAT  \\$aBATCH-UPD$b00$c20101124$lBLL01$h1951
=CAT  \\$aBATCH-UPD$b00$c20101125$lBLL01$h1216
=CAT  \\$aIPL-CLA$c20101231$lBLL01$h1523
=CAT  \\$aWR11_203$c20111204$lBLL01$h1513
=CAT  \\$aIPL-CLA$c20111230$lBLL01$h2029
=CAT  \\$aBATCH-CLA$b00$c20121109$lBLL01$h1724
=CAT  \\$aBATCH-CLA$c20131220$lBLL01$h2048
=CAT  \\$aIPL-CLA$c20140101$lBLL01$h0032
=CAT  \\$aBATCH-CLA$b00$c20161222$lBLL01$h1817
=CAT  \\$aIPL-CLA$c20161230$lBLL01$h2234
=CAT  \\$aW1711-1225$c20171203$lBLL01$h1027
=CAT  \\$aBATCH-CLA$b00$c20171222$lBLL01$h2141
=CAT  \\$aIPL-CLA$c20171231$lBLL01$h1716
=CAT  \\$aBATCH-CLA$b00$c20191219$lBLL01$h1742
=CAT  \\$aIPL-CLA$c20191231$lBLL01$h1952
=CAT  \\$aR2001-1524$c20200127$lBLL01$h2028
=CAT  \\$aBATCH-CLA$b00$c20201204$lBLL01$h1546
=CAT  \\$aIPL-CLA$c20201231$lBLL01$h2233
=CAT  \\$aBATCH-CLA$b00$c20221221$lBLL01$h1857
=CAT  \\$aIPL-CLA$c20221231$lBLL01$h2150
=CFI  0\$aCurrent Copyright Fee: GBP25.00$c0$e01-jan-2023$fGBP25.00$g0$hA$5Uk
=CFI  2\$aPrevious Copyright Fee: GBP22.50$c0$e01-jan-2021$fGBP22.50$g0$hA$5Uk
=FIN  \\$aY$d20071004
=LET  \0$aReason: property risk and insurance solutions for a complex world
=STA  \\$aSUPPRESSED$bunable to determine reason for suppression
=TCO  \\$aCLA$bCLA$c008
=ACF  \\$aPrevious copyright fee: GBP9.00$c0$e01-apr-2010$fGBP9.00$g0$hA$5Uk
=ACF  \\$aPrevious copyright fee: GBP6.00$c0$e01-apr-2008$fGBP6.00$g0$hA$5Uk
=ACF  \\$aPrevious Copyright Fee: GBP5.00$c0$e30-jan-2008$fGBP5.00$g0$hA$5Uk
=ACF  \\$aPrevious copyright fee: GBP10.50$c0$e01-jan-2011$fGBP10.50$g0$hA$5Uk
=ACF  \\$aPrevious copyright fee: GBP12.00$c0$e01-jan-2012$fGBP12.00$g0$hA$5Uk
=ACF  \\$aPrevious Copyright Fee: GBP12.30$c0$e01-jan-2014$fGBP12.30$g0$hA$5Uk
=ACF  \\$aPrevious Copyright Fee: GBP15.00$c0$e01-jan-2017$fGBP15.00$g0$hA$5Uk
=ACF  \\$aPrevious Copyright Fee: GBP17.50$c0$e01-jan-2018$fGBP17.50$g0$hA$5Uk
=ACF  \\$aPrevious Copyright Fee: GBP20.00$c0$e01-jan-2020$fGBP20.00$g0$hA$5Uk
=LAS  \\$aIPL-CLA$b00$c20221231$lBLL01$h2150

