=LDR  00967 am a22002413a 4500
=001  014798860
=003  Uk
=005  20200417183908.0
=008  081111s\\\\\\\\\\\\\\\\\\\\\\\0\\\\eng\\
=FMT  \\$a  BK
=245  \4$aThe 2008 value added scoreboard :$bThe top 800 UK and 750 European Companies by value added.
=260  \\$aLeeds :$bDepartment for Innovation Universities & Skills,$c2008.
=336  \\$atext$2rdacontent
=337  \\$aunmediated$2rdamedia
=338  \\$avolume$2rdacarrier
=852  11$aBritish Library$bSTI$cBIPC$k(B) MKT$h338.7094$mBusiness
=852  11$aBritish Library$bSTI$cBIPC$k(TB) MKT$h338.7094$mBusiness$3Accompanying CD-ROM
=985  \\$aUpgraded by BSS-generated file for WR1910-0531
=CAT  \\$a7750$b40$c20081111$lBLL01$h0927
=CAT  \\$aW1711-1225$c20171203$lBLL01$h1031
=CAT  \\$aW1910-0531$b00$c20200417$lBLL01$h1839
=STA  \\$aSUPPRESSED$bunable to determine reason for suppression
=LAS  \\$aW1910-0531$b00$c20200417$lBLL01$h1839

