=LDR  01579 am a2200433 a 4500
=001  014893974
=003  Uk
=005  20090203161554.0
=008  090203s2007\\\\pk\\\\\\\d\\\\000\0\balr\
=FMT  \\$a  BK
=040  \\$aUk$beng$cUk
=041  0\$abal$amul
=042  \\$aukblsr
=100  1\$aPahwal, Abdul Rahman.
=245  10$aBalūcī gālband :$bqāmūs-i Balūcī, Pashtū, Darī, Inglīsh /$cʿAbd al-Raḥmān Pahvāl; bah koshish, Luts Zahāk va Bedullah Nārūyī.
=246  13$aBalochi gālband
=250  \\$aNew edition.
=260  \\$aPeshawar :$bal-Azhar Book Co.,$c2007.
=300  \\$a361, 13 p. ;$c22 cm.
=336  \\$atext$2rdacontent
=337  \\$aunmediated$2rdamedia
=338  \\$avolume$2rdacarrier
=500  \\$aBalochi, Pushto, Dari and English dictionary.
=650  \0$aBaluchi language$vDictionaries$xPushto.
=650  \0$aBaluchi language$vDictionaries$xDari.
=650  \0$aBaluchi language$vDictionaries$xEnglish.
=650  \0$aPushto language$vDictionaries$xBaluchi.
=650  \0$aDari language$vDictionaries$xBaluchi.
=650  \0$aEnglish language$vDictionaries$xBaluchi.
=700  1\$aRzehak, Lutz.
=700  1\$aNaruyi, Bedollah.
=852  11$aBritish Library$bOC$cSPHOA$kOIH$h491.59
=CAT  \\$a9085$b40$c20090203$lBLL01$h1609
=CAT  \\$a9085$b40$c20090203$lBLL01$h1612
=CAT  \\$a9085$b40$c20090203$lBLL01$h1615
=CAT  \\$aW1711-1225$c20171203$lBLL01$h1032
=FIN  \\$aY$d20090203
=STA  \\$aSUPPRESSED$bunable to determine reason for suppression
=LAS  \\$aW1711-1225$b00$c20171203$lBLL01$h1032

